%% This BibTeX bibliography file was created using BibDesk.
%% http://bibdesk.sourceforge.net/

%% Created for Trevor Dorn-Wallenstein at 2018-11-26 13:15:16 -0800 


%% Saved with string encoding Unicode (UTF-8) 



@article{bolzonella00,
	Adsnote = {Provided by the SAO/NASA Astrophysics Data System},
	Adsurl = {http://adsabs.harvard.edu/abs/2000A%26A...363..476B},
	Author = {{Bolzonella}, M. and {Miralles}, J.-M. and {Pell{\'o}}, R.},
	Date-Added = {2018-11-26 13:14:43 -0800},
	Date-Modified = {2018-11-26 13:14:43 -0800},
	Eprint = {astro-ph/0003380},
	Journal = {\aap},
	Keywords = {GALAXIES: DISTANCES AND REDSHIFTS, GALAXIES: GENERAL, METHODS: DATA ANALYSIS, TECHNIQUES: PHOTOMETRIC},
	Month = nov,
	Pages = {476-492},
	Title = {{Photometric redshifts based on standard SED fitting procedures}},
	Volume = 363,
	Year = 2000}

@article{sana12,
	Adsnote = {Provided by the SAO/NASA Astrophysics Data System},
	Adsurl = {http://adsabs.harvard.edu/abs/2012Sci...337..444S},
	Archiveprefix = {arXiv},
	Author = {{Sana}, H. and {de Mink}, S.~E. and {de Koter}, A. and {Langer}, N. and {Evans}, C.~J. and {Gieles}, M. and {Gosset}, E. and {Izzard}, R.~G. and {Le Bouquin}, J.-B. and {Schneider}, F.~R.~N.},
	Date-Added = {2018-11-26 13:14:43 -0800},
	Date-Modified = {2018-11-26 13:14:43 -0800},
	Doi = {10.1126/science.1223344},
	Eprint = {1207.6397},
	Journal = {Science},
	Month = jul,
	Pages = {444},
	Primaryclass = {astro-ph.SR},
	Title = {{Binary Interaction Dominates the Evolution of Massive Stars}},
	Volume = 337,
	Year = 2012,
	Bdsk-Url-1 = {https://doi.org/10.1126/science.1223344}}

@article{corsaro17,
	Adsnote = {Provided by the SAO/NASA Astrophysics Data System},
	Adsurl = {http://adsabs.harvard.edu/abs/2017NatAs...1E..64C},
	Archiveprefix = {arXiv},
	Author = {{Corsaro}, E. and {Lee}, Y.-N. and {Garc{\'{\i}}a}, R.~A. and {Hennebelle}, P. and {Mathur}, S. and {Beck}, P.~G. and {Mathis}, S. and {Stello}, D. and {Bouvier}, J.},
	Date-Added = {2018-11-26 13:14:43 -0800},
	Date-Modified = {2018-11-26 13:14:43 -0800},
	Doi = {10.1038/s41550-017-0064},
	Eid = {0064},
	Eprint = {1703.05588},
	Journal = {Nature Astronomy},
	Month = mar,
	Pages = {0064},
	Primaryclass = {astro-ph.SR},
	Title = {{Spin alignment of stars in old open clusters}},
	Volume = 1,
	Year = 2017,
	Bdsk-Url-1 = {https://doi.org/10.1038/s41550-017-0064}}

@article{kovacs18,
	Adsnote = {Provided by the SAO/NASA Astrophysics Data System},
	Adsurl = {http://adsabs.harvard.edu/abs/2018arXiv180303619K},
	Archiveprefix = {arXiv},
	Author = {{Kovacs}, G.},
	Date-Added = {2018-11-26 13:14:43 -0800},
	Date-Modified = {2018-11-26 13:14:43 -0800},
	Eprint = {1803.03619},
	Journal = {ArXiv e-prints},
	Keywords = {Astrophysics - Solar and Stellar Astrophysics},
	Month = mar,
	Primaryclass = {astro-ph.SR},
	Title = {{Signature of non-isotropic distribution of stellar rotation inclination angles in the Praesepe cluster}},
	Year = 2018}

@inproceedings{byler15,
	Adsnote = {Provided by the SAO/NASA Astrophysics Data System},
	Adsurl = {http://adsabs.harvard.edu/abs/2015AAS...22534212B},
	Author = {{Byler}, N. and {Rosenfield}, P. and {Fouesneau}, M. and {Dalcanton}, J. and {PHAT Collaboration}},
	Booktitle = {American Astronomical Society Meeting Abstracts \#225},
	Date-Added = {2018-11-26 13:14:43 -0800},
	Date-Modified = {2018-11-26 13:14:43 -0800},
	Eid = {342.12},
	Month = jan,
	Pages = {342.12},
	Series = {American Astronomical Society Meeting Abstracts},
	Title = {{Empirical constraints of stellar evolution models using properties of the red clump and early-AGB bump in M31}},
	Volume = 225,
	Year = 2015}

@article{dalcanton12,
	Adsnote = {Provided by the SAO/NASA Astrophysics Data System},
	Adsurl = {http://adsabs.harvard.edu/abs/2012ApJS..200...18D},
	Archiveprefix = {arXiv},
	Author = {{Dalcanton}, J.~J. and {Williams}, B.~F. and {Lang}, D. and {Lauer}, T.~R. and {Kalirai}, J.~S. and {Seth}, A.~C. and {Dolphin}, A. and {Rosenfield}, P. and {Weisz}, D.~R. and {Bell}, E.~F. and {Bianchi}, L.~C. and {Boyer}, M.~L. and {Caldwell}, N. and {Dong}, H. and {Dorman}, C.~E. and {Gilbert}, K.~M. and {Girardi}, L. and {Gogarten}, S.~M. and {Gordon}, K.~D. and {Guhathakurta}, P. and {Hodge}, P.~W. and {Holtzman}, J.~A. and {Johnson}, L.~C. and {Larsen}, S.~S. and {Lewis}, A. and {Melbourne}, J.~L. and {Olsen}, K.~A.~G. and {Rix}, H.-W. and {Rosema}, K. and {Saha}, A. and {Sarajedini}, A. and {Skillman}, E.~D. and {Stanek}, K.~Z.},
	Date-Added = {2018-11-26 13:14:43 -0800},
	Date-Modified = {2018-11-26 13:14:43 -0800},
	Doi = {10.1088/0067-0049/200/2/18},
	Eid = {18},
	Eprint = {1204.0010},
	Journal = {\apjs},
	Keywords = {galaxies: individual: M31, galaxies: stellar content, stars: general, stars: imaging},
	Month = jun,
	Pages = {18},
	Title = {{The Panchromatic Hubble Andromeda Treasury}},
	Volume = 200,
	Year = 2012,
	Bdsk-Url-1 = {https://doi.org/10.1088/0067-0049/200/2/18}}

@article{maeder00,
	Adsnote = {Provided by the SAO/NASA Astrophysics Data System},
	Adsurl = {http://adsabs.harvard.edu/abs/2000ARA%26A..38..143M},
	Author = {{Maeder}, A. and {Meynet}, G.},
	Date-Added = {2018-11-26 13:14:43 -0800},
	Date-Modified = {2018-11-26 13:14:43 -0800},
	Doi = {10.1146/annurev.astro.38.1.143},
	Eprint = {astro-ph/0004204},
	Journal = {\araa},
	Keywords = {STELLAR ROTATION, STELLAR EVOLUTION, MASS LOSS, MIXING, CHEMICAL ABUNDANCES},
	Pages = {143-190},
	Title = {{The Evolution of Rotating Stars}},
	Volume = 38,
	Year = 2000,
	Bdsk-Url-1 = {https://doi.org/10.1146/annurev.astro.38.1.143}}

@article{langer95,
	Adsnote = {Provided by the SAO/NASA Astrophysics Data System},
	Adsurl = {http://adsabs.harvard.edu/abs/1995A%26A...295..685L},
	Author = {{Langer}, N. and {Maeder}, A.},
	Date-Added = {2018-11-26 13:14:43 -0800},
	Date-Modified = {2018-11-26 13:14:43 -0800},
	Journal = {\aap},
	Keywords = {STARS: EVOLUTION, STARS: SUPERGIANTS, CONVECTION, MAGELLANIC CLOUDS},
	Month = mar,
	Pages = {685},
	Title = {{The problem of the blue-to-red supergiant ratio in galaxies.}},
	Volume = 295,
	Year = 1995}

@article{eldridge17,
	Adsnote = {Provided by the SAO/NASA Astrophysics Data System},
	Adsurl = {http://adsabs.harvard.edu/abs/2017PASA...34...58E},
	Archiveprefix = {arXiv},
	Author = {{Eldridge}, J.~J. and {Stanway}, E.~R. and {Xiao}, L. and {McClelland}, L.~A.~S. and {Taylor}, G. and {Ng}, M. and {Greis}, S.~M.~L. and {Bray}, J.~C.},
	Date-Added = {2018-11-26 13:14:43 -0800},
	Date-Modified = {2018-11-26 13:14:43 -0800},
	Doi = {10.1017/pasa.2017.51},
	Eid = {e058},
	Eprint = {1710.02154},
	Journal = {\pasa},
	Keywords = {binaries: general, galaxies: evolution, galaxies: stellar content, methods: numerical, stars: evolution, stars: statistics},
	Month = nov,
	Pages = {e058},
	Primaryclass = {astro-ph.SR},
	Title = {{Binary Population and Spectral Synthesis Version 2.1: Construction, Observational Verification, and New Results}},
	Volume = 34,
	Year = 2017,
	Bdsk-Url-1 = {https://doi.org/10.1017/pasa.2017.51}}

@article{asplund09,
	Adsnote = {Provided by the SAO/NASA Astrophysics Data System},
	Adsurl = {http://adsabs.harvard.edu/abs/2009ARA%26A..47..481A},
	Archiveprefix = {arXiv},
	Author = {{Asplund}, M. and {Grevesse}, N. and {Sauval}, A.~J. and {Scott}, P.},
	Date-Added = {2018-11-26 13:14:43 -0800},
	Date-Modified = {2018-11-26 13:14:43 -0800},
	Doi = {10.1146/annurev.astro.46.060407.145222},
	Eprint = {0909.0948},
	Journal = {\araa},
	Month = sep,
	Pages = {481-522},
	Primaryclass = {astro-ph.SR},
	Title = {{The Chemical Composition of the Sun}},
	Volume = 47,
	Year = 2009,
	Bdsk-Url-1 = {https://doi.org/10.1146/annurev.astro.46.060407.145222}}

@article{massey03,
	Adsnote = {Provided by the SAO/NASA Astrophysics Data System},
	Adsurl = {http://adsabs.harvard.edu/abs/2003AJ....126.2867M},
	Author = {{Massey}, P. and {Olsen}, K.~A.~G.},
	Date-Added = {2018-11-26 13:14:43 -0800},
	Date-Modified = {2018-11-26 13:14:43 -0800},
	Doi = {10.1086/379558},
	Eprint = {astro-ph/0309272},
	Journal = {\aj},
	Keywords = {Galaxies: Stellar Content, Galaxies: Structure, Galaxies: Magellanic Clouds, Stars: Evolution, Stars: Supergiants, Surveys},
	Month = dec,
	Pages = {2867-2886},
	Title = {{The Evolution of Massive Stars. I. Red Supergiants in the Magellanic Clouds}},
	Volume = 126,
	Year = 2003,
	Bdsk-Url-1 = {https://doi.org/10.1086/379558}}

@article{gotberg18,
	Adsnote = {Provided by the SAO/NASA Astrophysics Data System},
	Adsurl = {http://adsabs.harvard.edu/abs/2018A%26A...615A..78G},
	Archiveprefix = {arXiv},
	Author = {{G{\"o}tberg}, Y. and {de Mink}, S.~E. and {Groh}, J.~H. and {Kupfer}, T. and {Crowther}, P.~A. and {Zapartas}, E. and {Renzo}, M.},
	Date-Added = {2018-11-26 13:14:43 -0800},
	Date-Modified = {2018-11-26 13:14:43 -0800},
	Doi = {10.1051/0004-6361/201732274},
	Eid = {A78},
	Eprint = {1802.03018},
	Journal = {\aap},
	Keywords = {binaries: close, stars: atmospheres, subdwarfs, stars: Wolf-Rayet, galaxies: stellar content, ultraviolet: galaxies},
	Month = jul,
	Pages = {A78},
	Primaryclass = {astro-ph.SR},
	Title = {{Spectral models for binary products: Unifying subdwarfs and Wolf-Rayet stars as a sequence of stripped-envelope stars}},
	Volume = 615,
	Year = 2018,
	Bdsk-Url-1 = {https://doi.org/10.1051/0004-6361/201732274}}

@article{deloore78,
	Adsnote = {Provided by the SAO/NASA Astrophysics Data System},
	Adsurl = {http://adsabs.harvard.edu/abs/1978A%26AS...34..363D},
	Author = {{De Loore}, C. and {de Gr{\`e}ve}, J.~P. and {Vanbeveren}, D.},
	Date-Added = {2018-11-26 13:14:43 -0800},
	Date-Modified = {2018-11-26 13:14:43 -0800},
	Journal = {\aaps},
	Month = dec,
	Pages = {363},
	Title = {{Parameters of Massive Stars of Main Sequence Evolution without and with Stellar Wind}},
	Volume = 34,
	Year = 1978}

@book{lamers99,
	Adsnote = {Provided by the SAO/NASA Astrophysics Data System},
	Adsurl = {http://adsabs.harvard.edu/abs/1999isw..book.....L},
	Author = {{Lamers}, H.~J.~G.~L.~M. and {Cassinelli}, J.~P.},
	Booktitle = {Introduction to Stellar Winds, by Henny J.~G.~L.~M.~Lamers and Joseph P.~Cassinelli, pp.~452.~ISBN 0521593980.~Cambridge, UK: Cambridge University Press, June 1999.},
	Date-Added = {2018-11-26 13:14:43 -0800},
	Date-Modified = {2018-11-26 13:14:43 -0800},
	Month = jun,
	Pages = {452},
	Title = {{Introduction to Stellar Winds}},
	Year = 1999}

@article{clark18,
	Adsnote = {Provided by the SAO/NASA Astrophysics Data System},
	Adsurl = {http://adsabs.harvard.edu/abs/2018arXiv180309567C},
	Archiveprefix = {arXiv},
	Author = {{Clark}, J.~S. and {Lohr}, M.~E. and {Najarro}, F. and {Dong}, H. and {Martins}, F.},
	Date-Added = {2018-11-26 13:14:43 -0800},
	Date-Modified = {2018-11-26 13:14:43 -0800},
	Eprint = {1803.09567},
	Journal = {ArXiv e-prints},
	Keywords = {Astrophysics - Solar and Stellar Astrophysics, Astrophysics - Astrophysics of Galaxies},
	Month = mar,
	Primaryclass = {astro-ph.SR},
	Title = {{The Arches cluster revisited: I. Data presentation and stellar census}},
	Year = 2018}

@article{martins08,
	Adsnote = {Provided by the SAO/NASA Astrophysics Data System},
	Adsurl = {http://adsabs.harvard.edu/abs/2008A%26A...478..219M},
	Archiveprefix = {arXiv},
	Author = {{Martins}, F. and {Hillier}, D.~J. and {Paumard}, T. and {Eisenhauer}, F. and {Ott}, T. and {Genzel}, R.},
	Date-Added = {2018-11-26 13:14:43 -0800},
	Date-Modified = {2018-11-26 13:14:43 -0800},
	Doi = {10.1051/0004-6361:20078469},
	Eprint = {0711.0657},
	Journal = {\aap},
	Keywords = {stars: early-type, stars: Wolf-Rayet, stars: atmospheres, stars: winds, outflows, Galaxy: center},
	Month = jan,
	Pages = {219-233},
	Title = {{The most massive stars in the Arches cluster}},
	Volume = 478,
	Year = 2008,
	Bdsk-Url-1 = {https://doi.org/10.1051/0004-6361:20078469}}

@article{moe17,
	Adsnote = {Provided by the SAO/NASA Astrophysics Data System},
	Adsurl = {http://adsabs.harvard.edu/abs/2017ApJS..230...15M},
	Archiveprefix = {arXiv},
	Author = {{Moe}, M. and {Di Stefano}, R.},
	Date-Added = {2018-11-26 13:14:43 -0800},
	Date-Modified = {2018-11-26 13:14:43 -0800},
	Doi = {10.3847/1538-4365/aa6fb6},
	Eid = {15},
	Eprint = {1606.05347},
	Journal = {\apjs},
	Keywords = {binaries: close, binaries: general, stars: evolution, stars: formation, stars: massive, stars: statistics},
	Month = jun,
	Pages = {15},
	Primaryclass = {astro-ph.SR},
	Title = {{Mind Your Ps and Qs: The Interrelation between Period (P) and Mass-ratio (Q) Distributions of Binary Stars}},
	Volume = 230,
	Year = 2017,
	Bdsk-Url-1 = {https://doi.org/10.3847/1538-4365/aa6fb6}}

@article{duchene13,
	Adsnote = {Provided by the SAO/NASA Astrophysics Data System},
	Adsurl = {http://adsabs.harvard.edu/abs/2013ARA%26A..51..269D},
	Archiveprefix = {arXiv},
	Author = {{Duch{\^e}ne}, G. and {Kraus}, A.},
	Date-Added = {2018-11-26 13:14:43 -0800},
	Date-Modified = {2018-11-26 13:14:43 -0800},
	Doi = {10.1146/annurev-astro-081710-102602},
	Eprint = {1303.3028},
	Journal = {\araa},
	Month = aug,
	Pages = {269-310},
	Primaryclass = {astro-ph.SR},
	Title = {{Stellar Multiplicity}},
	Volume = 51,
	Year = 2013,
	Bdsk-Url-1 = {https://doi.org/10.1146/annurev-astro-081710-102602}}

@article{sana14,
	Adsnote = {Provided by the SAO/NASA Astrophysics Data System},
	Adsurl = {http://adsabs.harvard.edu/abs/2014ApJS..215...15S},
	Archiveprefix = {arXiv},
	Author = {{Sana}, H. and {Le Bouquin}, J.-B. and {Lacour}, S. and {Berger}, J.-P. and {Duvert}, G. and {Gauchet}, L. and {Norris}, B. and {Olofsson}, J. and {Pickel}, D. and {Zins}, G. and {Absil}, O. and {de Koter}, A. and {Kratter}, K. and {Schnurr}, O. and {Zinnecker}, H.},
	Date-Added = {2018-11-26 13:14:43 -0800},
	Date-Modified = {2018-11-26 13:14:43 -0800},
	Doi = {10.1088/0067-0049/215/1/15},
	Eid = {15},
	Eprint = {1409.6304},
	Journal = {\apjs},
	Keywords = {binaries: visual, stars: early-type, stars: imaging, surveys, techniques: high angular resolution, techniques: interferometric},
	Month = nov,
	Pages = {15},
	Primaryclass = {astro-ph.SR},
	Title = {{Southern Massive Stars at High Angular Resolution: Observational Campaign and Companion Detection}},
	Volume = 215,
	Year = 2014,
	Bdsk-Url-1 = {https://doi.org/10.1088/0067-0049/215/1/15}}

@article{maeder01,
	Adsnote = {Provided by the SAO/NASA Astrophysics Data System},
	Adsurl = {http://adsabs.harvard.edu/abs/2001A%26A...373..555M},
	Author = {{Maeder}, A. and {Meynet}, G.},
	Date-Added = {2018-11-26 13:14:43 -0800},
	Date-Modified = {2018-11-26 13:14:43 -0800},
	Doi = {10.1051/0004-6361:20010596},
	Eprint = {astro-ph/0105051},
	Journal = {\aap},
	Keywords = {STARS: EVOLUTION, STARS: ROTATION, SUPERGIANT, MAGELLANIC CLOUDS},
	Month = jul,
	Pages = {555-571},
	Title = {{Stellar evolution with rotation. VII. . Low metallicity models and the blue to red supergiant ratio in the SMC}},
	Volume = 373,
	Year = 2001,
	Bdsk-Url-1 = {https://doi.org/10.1051/0004-6361:20010596}}

@article{massey06,
	Adsnote = {Provided by the SAO/NASA Astrophysics Data System},
	Adsurl = {http://adsabs.harvard.edu/abs/2006AJ....131.2478M},
	Author = {{Massey}, P. and {Olsen}, K.~A.~G. and {Hodge}, P.~W. and {Strong}, S.~B. and {Jacoby}, G.~H. and {Schlingman}, W. and {Smith}, R.~C.},
	Date-Added = {2018-11-26 13:14:43 -0800},
	Date-Modified = {2018-11-26 13:14:43 -0800},
	Doi = {10.1086/503256},
	Eprint = {astro-ph/0602128},
	Journal = {\aj},
	Keywords = {Catalogs, Galaxies: Individual: Messier Number: M31, Galaxies: Individual: Messier Number: M33, Galaxies: Stellar Content, Stars: Early-Type, Stars: Supergiants, Surveys},
	Month = may,
	Pages = {2478-2496},
	Title = {{A Survey of Local Group Galaxies Currently Forming Stars. I. UBVRI Photometry of Stars in M31 and M33}},
	Volume = 131,
	Year = 2006,
	Bdsk-Url-1 = {https://doi.org/10.1086/503256}}

@article{massey07,
	Adsnote = {Provided by the SAO/NASA Astrophysics Data System},
	Adsurl = {http://adsabs.harvard.edu/abs/2007AJ....133.2393M},
	Author = {{Massey}, P. and {Olsen}, K.~A.~G. and {Hodge}, P.~W. and {Jacoby}, G.~H. and {McNeill}, R.~T. and {Smith}, R.~C. and {Strong}, S.~B.},
	Date-Added = {2018-11-26 13:14:43 -0800},
	Date-Modified = {2018-11-26 13:14:43 -0800},
	Doi = {10.1086/513319},
	Eprint = {astro-ph/0702236},
	Journal = {\aj},
	Keywords = {catalogs, galaxies: stellar content, stars: early-type, supergiants, surveys},
	Month = may,
	Pages = {2393-2417},
	Title = {{A Survey of Local Group Galaxies Currently Forming Stars. II. UBVRI Photometry of Stars in Seven Dwarfs and a Comparison of the Entire Sample}},
	Volume = 133,
	Year = 2007,
	Bdsk-Url-1 = {https://doi.org/10.1086/513319}}

@article{massey09,
	Adsnote = {Provided by the SAO/NASA Astrophysics Data System},
	Adsurl = {http://adsabs.harvard.edu/abs/2009ApJ...703..420M},
	Archiveprefix = {arXiv},
	Author = {{Massey}, P. and {Silva}, D.~R. and {Levesque}, E.~M. and {Plez}, B. and {Olsen}, K.~A.~G. and {Clayton}, G.~C. and {Meynet}, G. and {Maeder}, A.},
	Date-Added = {2018-11-26 13:14:43 -0800},
	Date-Modified = {2018-11-26 13:14:43 -0800},
	Doi = {10.1088/0004-637X/703/1/420},
	Eprint = {0907.3767},
	Journal = {\apj},
	Keywords = {stars: atmospheres, stars: evolution, stars: fundamental parameters, stars: late-type},
	Month = sep,
	Pages = {420-440},
	Title = {{Red Supergiants in the Andromeda Galaxy (M31)}},
	Volume = 703,
	Year = 2009,
	Bdsk-Url-1 = {https://doi.org/10.1088/0004-637X/703/1/420}}

@article{ekstrom12,
	Adsnote = {Provided by the SAO/NASA Astrophysics Data System},
	Adsurl = {http://adsabs.harvard.edu/abs/2012A%26A...537A.146E},
	Archiveprefix = {arXiv},
	Author = {{Ekstr{\"o}m}, S. and {Georgy}, C. and {Eggenberger}, P. and {Meynet}, G. and {Mowlavi}, N. and {Wyttenbach}, A. and {Granada}, A. and {Decressin}, T. and {Hirschi}, R. and {Frischknecht}, U. and {Charbonnel}, C. and {Maeder}, A.},
	Date-Added = {2018-11-26 13:14:43 -0800},
	Date-Modified = {2018-11-26 13:14:43 -0800},
	Doi = {10.1051/0004-6361/201117751},
	Eid = {A146},
	Eprint = {1110.5049},
	Journal = {\aap},
	Keywords = {stars: general, stars: evolution, stars: massive, stars: low-mass, stars: rotation},
	Month = jan,
	Pages = {A146},
	Primaryclass = {astro-ph.SR},
	Title = {{Grids of stellar models with rotation. I. Models from 0.8 to 120 M$_{⊙}$ at solar metallicity (Z = 0.014)}},
	Volume = 537,
	Year = 2012,
	Bdsk-Url-1 = {https://doi.org/10.1051/0004-6361/201117751}}

@article{smith15,
	Adsnote = {Provided by the SAO/NASA Astrophysics Data System},
	Adsurl = {http://adsabs.harvard.edu/abs/2015MNRAS.447..598S},
	Archiveprefix = {arXiv},
	Author = {{Smith}, N. and {Tombleson}, R.},
	Date-Added = {2018-11-26 13:14:43 -0800},
	Date-Modified = {2018-11-26 13:14:43 -0800},
	Doi = {10.1093/mnras/stu2430},
	Eprint = {1406.7431},
	Journal = {\mnras},
	Keywords = {binaries: general, stars: evolution, stars: winds, outflows},
	Month = feb,
	Pages = {598-617},
	Primaryclass = {astro-ph.SR},
	Title = {{Luminous blue variables are antisocial: their isolation implies that they are kicked mass gainers in binary evolution}},
	Volume = 447,
	Year = 2015,
	Bdsk-Url-1 = {https://doi.org/10.1093/mnras/stu2430}}

@article{humphreys16,
	Adsnote = {Provided by the SAO/NASA Astrophysics Data System},
	Adsurl = {http://adsabs.harvard.edu/abs/2016ApJ...825...64H},
	Archiveprefix = {arXiv},
	Author = {{Humphreys}, R.~M. and {Weis}, K. and {Davidson}, K. and {Gordon}, M.~S.},
	Date-Added = {2018-11-26 13:14:43 -0800},
	Date-Modified = {2018-11-26 13:14:43 -0800},
	Doi = {10.3847/0004-637X/825/1/64},
	Eid = {64},
	Eprint = {1603.01278},
	Journal = {\apj},
	Keywords = {galaxies: individual: M31, M33, LMC, SMC, stars: massive, stars: variables: S Doradus},
	Month = jul,
	Pages = {64},
	Primaryclass = {astro-ph.SR},
	Title = {{On the Social Traits of Luminous Blue Variables}},
	Volume = 825,
	Year = 2016,
	Bdsk-Url-1 = {https://doi.org/10.3847/0004-637X/825/1/64}}

@article{stanway18,
	Adsnote = {Provided by the SAO/NASA Astrophysics Data System},
	Adsurl = {http://adsabs.harvard.edu/abs/2018MNRAS.479...75S},
	Archiveprefix = {arXiv},
	Author = {{Stanway}, E.~R. and {Eldridge}, J.~J.},
	Date-Added = {2018-11-26 13:14:43 -0800},
	Date-Modified = {2018-11-26 13:14:43 -0800},
	Doi = {10.1093/mnras/sty1353},
	Eprint = {1805.08784},
	Journal = {\mnras},
	Keywords = {methods: numerical, binaries: general, galaxies: stellar content, globular clusters: general},
	Month = sep,
	Pages = {75-93},
	Title = {{Re-evaluating old stellar populations}},
	Volume = 479,
	Year = 2018,
	Bdsk-Url-1 = {https://doi.org/10.1093/mnras/sty1353}}

@article{kudryavtseva12,
	Adsnote = {Provided by the SAO/NASA Astrophysics Data System},
	Adsurl = {http://adsabs.harvard.edu/abs/2012ApJ...750L..44K},
	Archiveprefix = {arXiv},
	Author = {{Kudryavtseva}, N. and {Brandner}, W. and {Gennaro}, M. and {Rochau}, B. and {Stolte}, A. and {Andersen}, M. and {Da Rio}, N. and {Henning}, T. and {Tognelli}, E. and {Hogg}, D. and {Clark}, S. and {Waters}, R.},
	Date-Added = {2018-11-26 13:14:43 -0800},
	Date-Modified = {2018-11-26 13:14:43 -0800},
	Doi = {10.1088/2041-8205/750/2/L44},
	Eid = {L44},
	Eprint = {1204.5481},
	Journal = {\apjl},
	Keywords = {Hertzsprung-Russell and C-M diagrams, open clusters and associations: individual: Westerlund 1 NGC 3603 YC, stars: evolution, stars: formation},
	Month = may,
	Pages = {L44},
	Title = {{Instantaneous Starburst of the Massive Clusters Westerlund 1 and NGC 3603 YC}},
	Volume = 750,
	Year = 2012,
	Bdsk-Url-1 = {https://doi.org/10.1088/2041-8205/750/2/L44}}

@article{chabrier03,
	Adsnote = {Provided by the SAO/NASA Astrophysics Data System},
	Adsurl = {http://adsabs.harvard.edu/abs/2003PASP..115..763C},
	Author = {{Chabrier}, G.},
	Date-Added = {2018-11-26 13:14:43 -0800},
	Date-Modified = {2018-11-26 13:14:43 -0800},
	Doi = {10.1086/376392},
	Eprint = {astro-ph/0304382},
	Journal = {\pasp},
	Keywords = {Galaxies: Luminosity Function, Mass Function, Invited Reviews},
	Month = jul,
	Pages = {763-795},
	Title = {{Galactic Stellar and Substellar Initial Mass Function}},
	Volume = 115,
	Year = 2003,
	Bdsk-Url-1 = {https://doi.org/10.1086/376392}}

@article{salpeter55,
	Adsnote = {Provided by the SAO/NASA Astrophysics Data System},
	Adsurl = {http://adsabs.harvard.edu/abs/1955ApJ...121..161S},
	Author = {{Salpeter}, E.~E.},
	Date-Added = {2018-11-26 13:14:43 -0800},
	Date-Modified = {2018-11-26 13:14:43 -0800},
	Doi = {10.1086/145971},
	Journal = {\apj},
	Month = jan,
	Pages = {161},
	Title = {{The Luminosity Function and Stellar Evolution.}},
	Volume = 121,
	Year = 1955,
	Bdsk-Url-1 = {https://doi.org/10.1086/145971}}

@article{gies98,
	Adsnote = {Provided by the SAO/NASA Astrophysics Data System},
	Adsurl = {http://adsabs.harvard.edu/abs/1998ApJ...493..440G},
	Author = {{Gies}, D.~R. and {Bagnuolo}, Jr., W.~G. and {Ferrara}, E.~C. and {Kaye}, A.~B. and {Thaller}, M.~L. and {Penny}, L.~R. and {Peters}, G.~J.},
	Date-Added = {2018-11-26 13:14:43 -0800},
	Date-Modified = {2018-11-26 13:14:43 -0800},
	Doi = {10.1086/305113},
	Journal = {\apj},
	Keywords = {STARS: BINARIES: SPECTROSCOPIC, STARS: EMISSION-LINE, BE, STARS: EVOLUTION, STARS: INDIVIDUAL CONSTELLATION NAME: PHI PERSEI, STARS: INDIVIDUAL HENRY DRAPER NUMBER: HD 10516, STARS: SUBDWARFS, Stars: Binaries: Spectroscopic, Stars: Emission-Line, Be, Stars: Evolution, Stars: Individual: Constellation Name: {\phis} Persei, Stars: Individual: Henry Draper Number: HD 10516, Stars: Subdwarfs},
	Month = jan,
	Pages = {440-450},
	Title = {{Hubble Space Telescope Goddard High Resolution Spectrograph Observations of the Be + sdO Binary {$\phi$} Persei}},
	Volume = 493,
	Year = 1998,
	Bdsk-Url-1 = {https://doi.org/10.1086/305113}}

@article{peters13,
	Adsnote = {Provided by the SAO/NASA Astrophysics Data System},
	Adsurl = {http://adsabs.harvard.edu/abs/2013ApJ...765....2P},
	Archiveprefix = {arXiv},
	Author = {{Peters}, G.~J. and {Pewett}, T.~D. and {Gies}, D.~R. and {Touhami}, Y.~N. and {Grundstrom}, E.~D.},
	Date-Added = {2018-11-26 13:14:43 -0800},
	Date-Modified = {2018-11-26 13:14:43 -0800},
	Doi = {10.1088/0004-637X/765/1/2},
	Eid = {2},
	Eprint = {1301.0257},
	Journal = {\apj},
	Keywords = {binaries: spectroscopic, stars: emission-line, Be, stars: evolution, stars: individual: BD +75{\deg}325, stars: individual: HR 8047 HD 200120 59 Cyg, subdwarfs},
	Month = mar,
	Pages = {2},
	Primaryclass = {astro-ph.SR},
	Title = {{Far-ultraviolet Detection of the Suspected Subdwarf Companion to the Be Star 59 Cygni}},
	Volume = 765,
	Year = 2013,
	Bdsk-Url-1 = {https://doi.org/10.1088/0004-637X/765/1/2}}

@article{peters08,
	Adsnote = {Provided by the SAO/NASA Astrophysics Data System},
	Adsurl = {http://adsabs.harvard.edu/abs/2008ApJ...686.1280P},
	Archiveprefix = {arXiv},
	Author = {{Peters}, G.~J. and {Gies}, D.~R. and {Grundstrom}, E.~D. and {McSwain}, M.~V.},
	Date-Added = {2018-11-26 13:14:43 -0800},
	Date-Modified = {2018-11-26 13:14:43 -0800},
	Doi = {10.1086/591145},
	Eprint = {0806.3004},
	Journal = {\apj},
	Keywords = {binaries: spectroscopic, stars: emission-line, Be, stars: evolution, stars: individual: HR 2855 HD 58978 FY CMa, subdwarfs},
	Month = oct,
	Pages = {1280-1291},
	Title = {{Detection of a Hot Subdwarf Companion to the Be Star FY Canis Majoris}},
	Volume = 686,
	Year = 2008,
	Bdsk-Url-1 = {https://doi.org/10.1086/591145}}

@article{wang17,
	Adsnote = {Provided by the SAO/NASA Astrophysics Data System},
	Adsurl = {http://adsabs.harvard.edu/abs/2017ApJ...843...60W},
	Archiveprefix = {arXiv},
	Author = {{Wang}, L. and {Gies}, D.~R. and {Peters}, G.~J.},
	Date-Added = {2018-11-26 13:14:43 -0800},
	Date-Modified = {2018-11-26 13:14:43 -0800},
	Doi = {10.3847/1538-4357/aa740a},
	Eid = {60},
	Eprint = {1705.07165},
	Journal = {\apj},
	Keywords = {binaries: spectroscopic, stars: emission-line, Be, stars: evolution, stars: individual: 60 Cyg, subdwarfs},
	Month = jul,
	Pages = {60},
	Primaryclass = {astro-ph.SR},
	Title = {{Detection of the Ultraviolet Spectrum of the Hot Subdwarf Companion of 60 Cygni (B1 Ve) from a Survey of IUE Spectra of Be Stars}},
	Volume = 843,
	Year = 2017,
	Bdsk-Url-1 = {https://doi.org/10.3847/1538-4357/aa740a}}

@article{steiner05,
	Adsnote = {Provided by the SAO/NASA Astrophysics Data System},
	Adsurl = {http://adsabs.harvard.edu/abs/2005A%26A...444..895S},
	Author = {{Steiner}, J.~E. and {Oliveira}, A.~S.},
	Date-Added = {2018-11-26 13:14:43 -0800},
	Date-Modified = {2018-11-26 13:14:43 -0800},
	Doi = {10.1051/0004-6361:20052782},
	Journal = {\aap},
	Keywords = {techniques: spectroscopic, binaries: spectroscopic, stars: Wolf-Rayet},
	Month = dec,
	Pages = {895-904},
	Title = {{The qWR star HD 45166. I. Observations and system parameters}},
	Volume = 444,
	Year = 2005,
	Bdsk-Url-1 = {https://doi.org/10.1051/0004-6361:20052782}}

@article{groh08,
	Adsnote = {Provided by the SAO/NASA Astrophysics Data System},
	Adsurl = {http://adsabs.harvard.edu/abs/2008A%26A...485..245G},
	Archiveprefix = {arXiv},
	Author = {{Groh}, J.~H. and {Oliveira}, A.~S. and {Steiner}, J.~E.},
	Date-Added = {2018-11-26 13:14:43 -0800},
	Date-Modified = {2018-11-26 13:14:43 -0800},
	Doi = {10.1051/0004-6361:200809511},
	Eprint = {0804.1766},
	Journal = {\aap},
	Keywords = {stars: winds, outflows, stars: mass-loss, stars: fundamental parameters, binaries: spectroscopic, stars: individual: HD 45166, stars: Wolf-Rayet},
	Month = jul,
	Pages = {245-256},
	Title = {{The qWR star HD 45166. II. Fundamental stellar parameters and evidence of a latitude-dependent wind}},
	Volume = 485,
	Year = 2008,
	Bdsk-Url-1 = {https://doi.org/10.1051/0004-6361:200809511}}

@article{rosslowe15,
	Adsnote = {Provided by the SAO/NASA Astrophysics Data System},
	Adsurl = {http://adsabs.harvard.edu/abs/2015MNRAS.447.2322R},
	Archiveprefix = {arXiv},
	Author = {{Rosslowe}, C.~K. and {Crowther}, P.~A.},
	Date-Added = {2018-11-26 13:14:43 -0800},
	Date-Modified = {2018-11-26 13:14:43 -0800},
	Doi = {10.1093/mnras/stu2525},
	Eprint = {1412.0699},
	Journal = {\mnras},
	Keywords = {stars: distances, stars: evolution, stars: massive, stars: Wolf-Rayet, Galaxy: disc, infrared: stars},
	Month = mar,
	Pages = {2322-2347},
	Primaryclass = {astro-ph.SR},
	Title = {{Spatial distribution of Galactic Wolf-Rayet stars and implications for the global population}},
	Volume = 447,
	Year = 2015,
	Bdsk-Url-1 = {https://doi.org/10.1093/mnras/stu2525}}

@article{andersen17,
	Adsnote = {Provided by the SAO/NASA Astrophysics Data System},
	Adsurl = {http://adsabs.harvard.edu/abs/2017A%26A...602A..22A},
	Archiveprefix = {arXiv},
	Author = {{Andersen}, M. and {Gennaro}, M. and {Brandner}, W. and {Stolte}, A. and {de Marchi}, G. and {Meyer}, M.~R. and {Zinnecker}, H.},
	Date-Added = {2018-11-26 13:14:43 -0800},
	Date-Modified = {2018-11-26 13:14:43 -0800},
	Doi = {10.1051/0004-6361/201322863},
	Eid = {A22},
	Eprint = {1602.05918},
	Journal = {\aap},
	Keywords = {stars: formation, open clusters and associations: individual: Westerlund 1, stars: low-mass, stars: luminosity function, mass function, stars: pre-main sequence},
	Month = jun,
	Pages = {A22},
	Title = {{Very low-mass stellar content of the young supermassive Galactic star cluster Westerlund 1}},
	Volume = 602,
	Year = 2017,
	Bdsk-Url-1 = {https://doi.org/10.1051/0004-6361/201322863}}

@article{crowther06,
	Adsnote = {Provided by the SAO/NASA Astrophysics Data System},
	Adsurl = {http://adsabs.harvard.edu/abs/2006MNRAS.372.1407C},
	Author = {{Crowther}, P.~A. and {Hadfield}, L.~J. and {Clark}, J.~S. and {Negueruela}, I. and {Vacca}, W.~D.},
	Date-Added = {2018-11-26 13:14:43 -0800},
	Date-Modified = {2018-11-26 13:14:43 -0800},
	Doi = {10.1111/j.1365-2966.2006.10952.x},
	Eprint = {astro-ph/0608356},
	Journal = {\mnras},
	Keywords = {stars: Wolf-Rayet, open clusters and associations: individual: Westerlund 1},
	Month = nov,
	Pages = {1407-1424},
	Title = {{A census of the Wolf-Rayet content in Westerlund 1 from near-infrared imaging and spectroscopy}},
	Volume = 372,
	Year = 2006,
	Bdsk-Url-1 = {https://doi.org/10.1111/j.1365-2966.2006.10952.x}}

@article{clark05,
	Adsnote = {Provided by the SAO/NASA Astrophysics Data System},
	Adsurl = {http://adsabs.harvard.edu/abs/2005A%26A...434..949C},
	Author = {{Clark}, J.~S. and {Negueruela}, I. and {Crowther}, P.~A. and {Goodwin}, S.~P.},
	Date-Added = {2018-11-26 13:14:43 -0800},
	Date-Modified = {2018-11-26 13:14:43 -0800},
	Doi = {10.1051/0004-6361:20042413},
	Eprint = {astro-ph/0504342},
	Journal = {\aap},
	Keywords = {stars: evolution, open clusters and associations: individual: Westerlund 1, galaxies: starburst},
	Month = may,
	Pages = {949-969},
	Title = {{On the massive stellar population of the super star cluster <ASTROBJ>Westerlund 1</ASTROBJ>}},
	Volume = 434,
	Year = 2005,
	Bdsk-Url-1 = {https://doi.org/10.1051/0004-6361:20042413}}

@article{andrews18,
	Adsnote = {Provided by the SAO/NASA Astrophysics Data System},
	Adsurl = {http://adsabs.harvard.edu/abs/2018MNRAS.477L..55A},
	Archiveprefix = {arXiv},
	Author = {{Andrews}, H. and {Fenech}, D. and {Prinja}, R.~K. and {Clark}, J.~S. and {Hindson}, L.},
	Date-Added = {2018-11-26 13:14:43 -0800},
	Date-Modified = {2018-11-26 13:14:43 -0800},
	Doi = {10.1093/mnrasl/sly046},
	Eprint = {1803.07008},
	Journal = {\mnras},
	Keywords = {stars: evolution, stars: massive, supergiants, stars: winds, outflows},
	Month = jun,
	Pages = {L55-L59},
	Primaryclass = {astro-ph.SR},
	Title = {{Asymmetric ejecta of cool supergiants and hypergiants in the massive cluster Westerlund 1}},
	Volume = 477,
	Year = 2018,
	Bdsk-Url-1 = {https://doi.org/10.1093/mnrasl/sly046}}

@article{dougherty07,
	Adsnote = {Provided by the SAO/NASA Astrophysics Data System},
	Adsurl = {http://adsabs.harvard.edu/abs/2007arXiv0705.0971D},
	Archiveprefix = {arXiv},
	Author = {{Dougherty}, S.~M. and {Clark}, J.~S.},
	Date-Added = {2018-11-26 13:14:43 -0800},
	Date-Modified = {2018-11-26 13:14:43 -0800},
	Eprint = {0705.0971},
	Journal = {ArXiv e-prints},
	Keywords = {Astrophysics},
	Month = may,
	Title = {{Radio observations of the massive stellar cluster Westerlund 1}},
	Year = 2007}

@article{maeder94,
	Adsnote = {Provided by the SAO/NASA Astrophysics Data System},
	Adsurl = {http://adsabs.harvard.edu/abs/1994A%26A...287..803M},
	Author = {{Maeder}, A. and {Meynet}, G.},
	Date-Added = {2018-11-26 13:14:43 -0800},
	Date-Modified = {2018-11-26 13:14:43 -0800},
	Journal = {\aap},
	Keywords = {STARS: WOLF-RAYET, STARS: EVOLUTION, STARS: MASS LOSS, HERTZSPRUNG-RUSSELL DIAGRAM, BINARIES: CLOSE, GALAXIES: STELLAR CONTENT},
	Month = jul,
	Pages = {803-816},
	Title = {{New models of Wolf-Rayet stars and comparison with data in galaxies}},
	Volume = 287,
	Year = 1994}

@article{neugent18,
	Adsnote = {Provided by the SAO/NASA Astrophysics Data System},
	Adsurl = {http://adsabs.harvard.edu/abs/2018arXiv180701209N},
	Archiveprefix = {arXiv},
	Author = {{Neugent}, K.~F. and {Massey}, P. and {Morrell}, N.},
	Date-Added = {2018-11-26 13:14:43 -0800},
	Date-Modified = {2018-11-26 13:14:43 -0800},
	Eprint = {1807.01209},
	Journal = {ArXiv e-prints},
	Keywords = {Astrophysics - Solar and Stellar Astrophysics},
	Month = jul,
	Primaryclass = {astro-ph.SR},
	Title = {{A Modern Search for Wolf-Rayet Stars in the Magellanic Clouds. IV. A Final Census}},
	Year = 2018}

@article{neugent11,
	Adsnote = {Provided by the SAO/NASA Astrophysics Data System},
	Adsurl = {http://adsabs.harvard.edu/abs/2011ApJ...733..123N},
	Archiveprefix = {arXiv},
	Author = {{Neugent}, K.~F. and {Massey}, P.},
	Date-Added = {2018-11-26 13:14:43 -0800},
	Date-Modified = {2018-11-26 13:14:43 -0800},
	Doi = {10.1088/0004-637X/733/2/123},
	Eid = {123},
	Eprint = {1103.5549},
	Journal = {\apj},
	Keywords = {galaxies: individual: M33, galaxies: stellar content, Local Group, stars: evolution, stars: Wolf-Rayet, supergiants},
	Month = jun,
	Pages = {123},
	Title = {{The Wolf-Rayet Content of M33}},
	Volume = 733,
	Year = 2011,
	Bdsk-Url-1 = {https://doi.org/10.1088/0004-637X/733/2/123}}

@article{neugent12,
	Adsnote = {Provided by the SAO/NASA Astrophysics Data System},
	Adsurl = {http://adsabs.harvard.edu/abs/2012ApJ...759...11N},
	Archiveprefix = {arXiv},
	Author = {{Neugent}, K.~F. and {Massey}, P. and {Georgy}, C.},
	Date-Added = {2018-11-26 13:14:43 -0800},
	Date-Modified = {2018-11-26 13:14:43 -0800},
	Doi = {10.1088/0004-637X/759/1/11},
	Eid = {11},
	Eprint = {1209.1177},
	Journal = {\apj},
	Keywords = {galaxies: individual: M31, galaxies: stellar content, Local Group, stars: evolution, stars: Wolf-Rayet, supergiants},
	Month = nov,
	Pages = {11},
	Primaryclass = {astro-ph.SR},
	Title = {{The Wolf-Rayet Content of M31}},
	Volume = 759,
	Year = 2012,
	Bdsk-Url-1 = {https://doi.org/10.1088/0004-637X/759/1/11}}

@article{armandroff85,
	Adsnote = {Provided by the SAO/NASA Astrophysics Data System},
	Adsurl = {http://adsabs.harvard.edu/abs/1985ApJ...291..685A},
	Author = {{Armandroff}, T.~E. and {Massey}, P.},
	Date-Added = {2018-11-26 13:14:43 -0800},
	Date-Modified = {2018-11-26 13:14:43 -0800},
	Doi = {10.1086/163107},
	Journal = {\apj},
	Keywords = {Galaxies, Local Group (Astronomy), Wolf-Rayet Stars, Astronomical Photography, Bandpass Filters, Charge Coupled Devices, H Ii Regions, Magellanic Clouds, Point Spread Functions, Stellar Magnitude},
	Month = apr,
	Pages = {685-692},
	Title = {{Wolf-Rayet stars in NGC 6822 and IC 1613}},
	Volume = 291,
	Year = 1985,
	Bdsk-Url-1 = {https://doi.org/10.1086/163107}}

@article{raghavan10,
	Adsnote = {Provided by the SAO/NASA Astrophysics Data System},
	Adsurl = {http://adsabs.harvard.edu/abs/2010ApJS..190....1R},
	Archiveprefix = {arXiv},
	Author = {{Raghavan}, D. and {McAlister}, H.~A. and {Henry}, T.~J. and {Latham}, D.~W. and {Marcy}, G.~W. and {Mason}, B.~D. and {Gies}, D.~R. and {White}, R.~J. and {ten Brummelaar}, T.~A.},
	Date-Added = {2018-11-26 13:14:43 -0800},
	Date-Modified = {2018-11-26 13:14:43 -0800},
	Doi = {10.1088/0067-0049/190/1/1},
	Eprint = {1007.0414},
	Journal = {\apjs},
	Keywords = {binaries: general, planetary systems, stars: solar-type, stars: statistics, surveys},
	Month = sep,
	Pages = {1-42},
	Primaryclass = {astro-ph.SR},
	Title = {{A Survey of Stellar Families: Multiplicity of Solar-type Stars}},
	Volume = 190,
	Year = 2010,
	Bdsk-Url-1 = {https://doi.org/10.1088/0067-0049/190/1/1}}

@misc{makecite18,
	Author = {Adrian Price-Whelan and Alexandar Mechev and jumeroag},
	Date-Added = {2018-11-26 13:14:43 -0800},
	Date-Modified = {2018-11-26 13:14:43 -0800},
	Doi = {10.5281/zenodo.1343295},
	Month = aug,
	Title = {adrn/makecite: v0.1},
	Url = {https://doi.org/10.5281/zenodo.1343295},
	Year = 2018,
	Bdsk-Url-1 = {https://doi.org/10.5281/zenodo.1343295}}

@article{Hunter:2007,
	Abstract = {Matplotlib is a 2D graphics package used for Python
  for application development, interactive scripting, and
  publication-quality image generation across user
  interfaces and operating systems.},
	Author = {Hunter, J. D.},
	Date-Added = {2018-11-26 13:14:43 -0800},
	Date-Modified = {2018-11-26 13:14:43 -0800},
	Journal = {Computing In Science \& Engineering},
	Number = {3},
	Pages = {90--95},
	Publisher = {IEEE COMPUTER SOC},
	Title = {Matplotlib: A 2D graphics environment},
	Volume = {9},
	Year = 2007}

@article{numpy:2011,
	Adsnote = {Provided by the SAO/NASA Astrophysics Data System},
	Adsurl = {https://ui.adsabs.harvard.edu/#abs/2011arXiv1102.1523V},
	Archiveprefix = {arXiv},
	Author = {{Van Der Walt}, Stefan and {Colbert}, S. Chris and {Varoquaux}, Ga{\"e}l},
	Date-Added = {2018-11-26 13:14:43 -0800},
	Date-Modified = {2018-11-26 13:14:43 -0800},
	Eid = {arXiv:1102.1523},
	Eprint = {1102.1523},
	Journal = {ArXiv e-prints},
	Keywords = {Computer Science - Mathematical Software},
	Month = Feb,
	Pages = {arXiv:1102.1523},
	Title = {{The NumPy array: a structure for efficient numerical computation}},
	Year = 2011}

@misc{scipy:2001,
	Author = {Eric Jones and Travis Oliphant and Pearu Peterson and others},
	Date-Added = {2018-11-26 13:14:43 -0800},
	Date-Modified = {2018-11-26 13:14:43 -0800},
	Note = {[Online; accessed <today>]},
	Title = {{SciPy}: Open source scientific tools for {Python}},
	Url = {http://www.scipy.org/},
	Year = {2001--},
	Bdsk-Url-1 = {http://www.scipy.org/}}

@article{astropy13,
	Adsnote = {Provided by the SAO/NASA Astrophysics Data System},
	Adsurl = {http://adsabs.harvard.edu/abs/2013A%26A...558A..33A},
	Archiveprefix = {arXiv},
	Author = {{Astropy Collaboration} and {Robitaille}, T.~P. and {Tollerud}, E.~J. and {Greenfield}, P. and {Droettboom}, M. and {Bray}, E. and {Aldcroft}, T. and {Davis}, M. and {Ginsburg}, A. and {Price-Whelan}, A.~M. and {Kerzendorf}, W.~E. and {Conley}, A. and {Crighton}, N. and {Barbary}, K. and {Muna}, D. and {Ferguson}, H. and {Grollier}, F. and {Parikh}, M.~M. and {Nair}, P.~H. and {Unther}, H.~M. and {Deil}, C. and {Woillez}, J. and {Conseil}, S. and {Kramer}, R. and {Turner}, J.~E.~H. and {Singer}, L. and {Fox}, R. and {Weaver}, B.~A. and {Zabalza}, V. and {Edwards}, Z.~I. and {Azalee Bostroem}, K. and {Burke}, D.~J. and {Casey}, A.~R. and {Crawford}, S.~M. and {Dencheva}, N. and {Ely}, J. and {Jenness}, T. and {Labrie}, K. and {Lim}, P.~L. and {Pierfederici}, F. and {Pontzen}, A. and {Ptak}, A. and {Refsdal}, B. and {Servillat}, M. and {Streicher}, O.},
	Date-Added = {2018-11-26 13:14:43 -0800},
	Date-Modified = {2018-11-26 13:14:43 -0800},
	Doi = {10.1051/0004-6361/201322068},
	Eid = {A33},
	Eprint = {1307.6212},
	Journal = {\aap},
	Keywords = {methods: data analysis, methods: miscellaneous, virtual observatory tools},
	Month = oct,
	Pages = {A33},
	Primaryclass = {astro-ph.IM},
	Title = {{Astropy: A community Python package for astronomy}},
	Volume = 558,
	Year = 2013,
	Bdsk-Url-1 = {https://doi.org/10.1051/0004-6361/201322068}}

@article{astropy18,
	Adsnote = {Provided by the SAO/NASA Astrophysics Data System},
	Adsurl = {http://adsabs.harvard.edu/abs/2018arXiv180102634T},
	Archiveprefix = {arXiv},
	Author = {{The Astropy Collaboration} and {Price-Whelan}, A.~M. and {Sip{\H o}cz}, B.~M. and {G{\"u}nther}, H.~M. and {Lim}, P.~L. and {Crawford}, S.~M. and {Conseil}, S. and {Shupe}, D.~L. and {Craig}, M.~W. and {Dencheva}, N. and {Ginsburg}, A. and {VanderPlas}, J.~T. and {Bradley}, L.~D. and {P{\'e}rez-Su{\'a}rez}, D. and {de Val-Borro}, M. and {Aldcroft}, T.~L. and {Cruz}, K.~L. and {Robitaille}, T.~P. and {Tollerud}, E.~J. and {Ardelean}, C. and {Babej}, T. and {Bachetti}, M. and {Bakanov}, A.~V. and {Bamford}, S.~P. and {Barentsen}, G. and {Barmby}, P. and {Baumbach}, A. and {Berry}, K.~L. and {Biscani}, F. and {Boquien}, M. and {Bostroem}, K.~A. and {Bouma}, L.~G. and {Brammer}, G.~B. and {Bray}, E.~M. and {Breytenbach}, H. and {Buddelmeijer}, H. and {Burke}, D.~J. and {Calderone}, G. and {Cano Rodr{\'{\i}}guez}, J.~L. and {Cara}, M. and {Cardoso}, J.~V.~M. and {Cheedella}, S. and {Copin}, Y. and {Crichton}, D. and {D{\'A}vella}, D. and {Deil}, C. and {Depagne}, {\'E}. and {Dietrich}, J.~P. and {Donath}, A. and {Droettboom}, M. and {Earl}, N. and {Erben}, T. and {Fabbro}, S. and {Ferreira}, L.~A. and {Finethy}, T. and {Fox}, R.~T. and {Garrison}, L.~H. and {Gibbons}, S.~L.~J. and {Goldstein}, D.~A. and {Gommers}, R. and {Greco}, J.~P. and {Greenfield}, P. and {Groener}, A.~M. and {Grollier}, F. and {Hagen}, A. and {Hirst}, P. and {Homeier}, D. and {Horton}, A.~J. and {Hosseinzadeh}, G. and {Hu}, L. and {Hunkeler}, J.~S. and {Ivezi{\'c}}, {\v Z}. and {Jain}, A. and {Jenness}, T. and {Kanarek}, G. and {Kendrew}, S. and {Kern}, N.~S. and {Kerzendorf}, W.~E. and {Khvalko}, A. and {King}, J. and {Kirkby}, D. and {Kulkarni}, A.~M. and {Kumar}, A. and {Lee}, A. and {Lenz}, D. and {Littlefair}, S.~P. and {Ma}, Z. and {Macleod}, D.~M. and {Mastropietro}, M. and {McCully}, C. and {Montagnac}, S. and {Morris}, B.~M. and {Mueller}, M. and {Mumford}, S.~J. and {Muna}, D. and {Murphy}, N.~A. and {Nelson}, S. and {Nguyen}, G.~H. and {Ninan}, J.~P. and {N{\"o}the}, M. and {Ogaz}, S. and {Oh}, S. and {Parejko}, J.~K. and {Parley}, N. and {Pascual}, S. and {Patil}, R. and {Patil}, A.~A. and {Plunkett}, A.~L. and {Prochaska}, J.~X. and {Rastogi}, T. and {Reddy Janga}, V. and {Sabater}, J. and {Sakurikar}, P. and {Seifert}, M. and {Sherbert}, L.~E. and {Sherwood-Taylor}, H. and {Shih}, A.~Y. and {Sick}, J. and {Silbiger}, M.~T. and {Singanamalla}, S. and {Singer}, L.~P. and {Sladen}, P.~H. and {Sooley}, K.~A. and {Sornarajah}, S. and {Streicher}, O. and {Teuben}, P. and {Thomas}, S.~W. and {Tremblay}, G.~R. and {Turner}, J.~E.~H. and {Terr{\'o}n}, V. and {van Kerkwijk}, M.~H. and {de la Vega}, A. and {Watkins}, L.~L. and {Weaver}, B.~A. and {Whitmore}, J.~B. and {Woillez}, J. and {Zabalza}, V.},
	Date-Added = {2018-11-26 13:14:43 -0800},
	Date-Modified = {2018-11-26 13:14:43 -0800},
	Eprint = {1801.02634},
	Journal = {ArXiv e-prints},
	Keywords = {Astrophysics - Instrumentation and Methods for Astrophysics},
	Month = jan,
	Primaryclass = {astro-ph.IM},
	Title = {{The Astropy Project: Building an inclusive, open-science project and status of the v2.0 core package}},
	Year = 2018}

@article{brandner08,
	Adsnote = {Provided by the SAO/NASA Astrophysics Data System},
	Adsurl = {http://adsabs.harvard.edu/abs/2008A%26A...478..137B},
	Archiveprefix = {arXiv},
	Author = {{Brandner}, W. and {Clark}, J.~S. and {Stolte}, A. and {Waters}, R. and {Negueruela}, I. and {Goodwin}, S.~P.},
	Date-Added = {2018-11-26 13:14:43 -0800},
	Date-Modified = {2018-11-26 13:14:43 -0800},
	Doi = {10.1051/0004-6361:20077579},
	Eprint = {0711.1624},
	Journal = {\aap},
	Keywords = {stars: evolution, stars: formation, stars: luminosity function, mass function, stars: pre-main sequence, stars: supernovae: general, Galaxy: open clusters and associations: individual: Westerlund 1},
	Month = jan,
	Pages = {137-149},
	Title = {{Intermediate to low-mass stellar content of Westerlund 1}},
	Volume = 478,
	Year = 2008,
	Bdsk-Url-1 = {https://doi.org/10.1051/0004-6361:20077579}}

@article{vink01,
	Adsnote = {Provided by the SAO/NASA Astrophysics Data System},
	Adsurl = {http://adsabs.harvard.edu/abs/2001A%26A...369..574V},
	Author = {{Vink}, J.~S. and {de Koter}, A. and {Lamers}, H.~J.~G.~L.~M.},
	Date-Added = {2018-11-26 13:14:43 -0800},
	Date-Modified = {2018-11-26 13:14:43 -0800},
	Doi = {10.1051/0004-6361:20010127},
	Eprint = {astro-ph/0101509},
	Journal = {\aap},
	Keywords = {STARS: EARLY-TYPE, STARS: MASS-LOSS, STARS: SUPERGIANTS, STARS: WINDS, STARS: EVOLUTION},
	Month = apr,
	Pages = {574-588},
	Title = {{Mass-loss predictions for O and B stars as a function of metallicity}},
	Volume = 369,
	Year = 2001,
	Bdsk-Url-1 = {https://doi.org/10.1051/0004-6361:20010127}}

@inproceedings{demink08,
	Adsnote = {Provided by the SAO/NASA Astrophysics Data System},
	Adsurl = {http://adsabs.harvard.edu/abs/2008AIPC..990..230D},
	Archiveprefix = {arXiv},
	Author = {{de Mink}, S.~E. and {Pols}, O.~R. and {Yoon}, S.-C.},
	Booktitle = {First Stars III},
	Date-Added = {2018-11-26 13:14:43 -0800},
	Date-Modified = {2018-11-26 13:14:43 -0800},
	Doi = {10.1063/1.2905549},
	Editor = {{O'Shea}, B.~W. and {Heger}, A.},
	Eprint = {0710.1010},
	Keywords = {Population II stars, Luminosity and mass functions, Stellar structure interiors evolution nucleosynthesis ages, Star formation, Binary and multiple stars},
	Month = mar,
	Pages = {230-232},
	Series = {American Institute of Physics Conference Series},
	Title = {{Binaries at Low Metallicity: Ranges For Case A, B and C Mass Transfer}},
	Volume = 990,
	Year = 2008,
	Bdsk-Url-1 = {https://doi.org/10.1063/1.2905549}}

@article{walker64,
	Adsnote = {Provided by the SAO/NASA Astrophysics Data System},
	Adsurl = {http://adsabs.harvard.edu/abs/1964AJ.....69..744W},
	Author = {{Walker}, M.~F.},
	Date-Added = {2018-11-26 13:14:43 -0800},
	Date-Modified = {2018-11-26 13:14:43 -0800},
	Doi = {10.1086/109350},
	Journal = {\aj},
	Month = nov,
	Pages = {744},
	Title = {{Two-color composite photographs of M 33}},
	Volume = 69,
	Year = 1964,
	Bdsk-Url-1 = {https://doi.org/10.1086/109350}}

@article{vandenbergh68,
	Adsnote = {Provided by the SAO/NASA Astrophysics Data System},
	Adsurl = {http://adsabs.harvard.edu/abs/1968JRASC..62..219V},
	Author = {{van den Bergh}, S.},
	Date-Added = {2018-11-26 13:14:43 -0800},
	Date-Modified = {2018-11-26 13:14:43 -0800},
	Journal = {\jrasc},
	Month = oct,
	Pages = {219},
	Title = {{The Galaxies of the Local Group}},
	Volume = 62,
	Year = 1968}

@article{conti83,
	Adsnote = {Provided by the SAO/NASA Astrophysics Data System},
	Adsurl = {http://adsabs.harvard.edu/abs/1983ApJ...274..302C},
	Author = {{Conti}, P.~S. and {Garmany}, C.~D. and {De Loore}, C. and {Vanbeveren}, D.},
	Date-Added = {2018-11-26 13:14:43 -0800},
	Date-Modified = {2018-11-26 13:14:43 -0800},
	Doi = {10.1086/161447},
	Journal = {\apj},
	Keywords = {Early Stars, O Stars, Star Distribution, Stellar Evolution, Wolf-Rayet Stars, Calibrating, Stellar Models, Stellar Spectra},
	Month = nov,
	Pages = {302-312},
	Title = {{The evolution of massive stars - The numbers and distribution of O stars and Wolf-Rayet stars}},
	Volume = 274,
	Year = 1983,
	Bdsk-Url-1 = {https://doi.org/10.1086/161447}}

@article{maeder80,
	Adsnote = {Provided by the SAO/NASA Astrophysics Data System},
	Adsurl = {http://adsabs.harvard.edu/abs/1980A%26A....90L..17M},
	Author = {{Maeder}, A. and {Lequeux}, J. and {Azzopardi}, M.},
	Date-Added = {2018-11-26 13:14:43 -0800},
	Date-Modified = {2018-11-26 13:14:43 -0800},
	Journal = {\aap},
	Keywords = {Chemical Composition, Galactic Structure, Red Giant Stars, Supergiant Stars, Hot Stars, Magellanic Clouds, Stellar Evolution, Stellar Mass Ejection},
	Month = oct,
	Pages = {L17-L20},
	Title = {{The numbers of red supergiants and WR stars in galaxies - an extremely sensitive indicator of chemical composition}},
	Volume = 90,
	Year = 1980}

@article{vanbeveren80,
	Adsnote = {Provided by the SAO/NASA Astrophysics Data System},
	Adsurl = {http://adsabs.harvard.edu/abs/1980A%26A....88..230V},
	Author = {{Vanbeveren}, D. and {Conti}, P.~S.},
	Date-Added = {2018-11-26 13:14:43 -0800},
	Date-Modified = {2018-11-26 13:14:43 -0800},
	Journal = {\aap},
	Keywords = {Binary Stars, Frequency Distribution, Hot Stars, Magellanic Clouds, Milky Way Galaxy, Stellar Evolution, Wolf-Rayet Stars, Absorption Spectra, Chemical Composition, Helium, Line Spectra, Stellar Luminosity, Stellar Mass Ejection, Stellar Temperature, Stellar Winds},
	Month = aug,
	Pages = {230-239},
	Title = {{On the binary frequency distribution and evolution of Wolf-Rayet stars}},
	Volume = 88,
	Year = 1980}

@article{hellings81,
	Adsnote = {Provided by the SAO/NASA Astrophysics Data System},
	Adsurl = {http://adsabs.harvard.edu/abs/1981A%26A....95...14H},
	Author = {{Hellings}, P. and {Vanbeveren}, D.},
	Date-Added = {2018-11-26 13:14:43 -0800},
	Date-Modified = {2018-11-26 13:14:43 -0800},
	Journal = {\aap},
	Keywords = {Abundance, Magellanic Clouds, Stellar Evolution, Stellar Mass, Binary Stars, Galactic Evolution, Milky Way Galaxy, Stellar Luminosity, Stellar Winds},
	Month = feb,
	Pages = {14-17},
	Title = {{Evolution of massive stars with low metal abundance holding for the Magellanic Clouds}},
	Volume = 95,
	Year = 1981}

@article{maeder91,
	Adsnote = {Provided by the SAO/NASA Astrophysics Data System},
	Adsurl = {http://adsabs.harvard.edu/abs/1991A%26A...242...93M},
	Author = {{Maeder}, A.},
	Date-Added = {2018-11-26 13:14:43 -0800},
	Date-Modified = {2018-11-26 13:14:43 -0800},
	Journal = {\aap},
	Keywords = {Active Galactic Nuclei, Metallicity, Star Formation Rate, Wolf-Rayet Stars, Stellar Evolution, Stellar Mass, Stellar Models},
	Month = feb,
	Pages = {93-111},
	Title = {{The relative numbers of Wolf-Rayet stars in galaxies with active star formation - The metallicity effect}},
	Volume = 242,
	Year = 1991}

@article{vanderhucht01,
	Adsnote = {Provided by the SAO/NASA Astrophysics Data System},
	Adsurl = {http://adsabs.harvard.edu/abs/2001NewAR..45..135V},
	Author = {{van der Hucht}, K.~A.},
	Date-Added = {2018-11-26 13:14:43 -0800},
	Date-Modified = {2018-11-26 13:14:43 -0800},
	Doi = {10.1016/S1387-6473(00)00112-3},
	Journal = {\nar},
	Month = feb,
	Pages = {135-232},
	Title = {{The VIIth catalogue of galactic Wolf-Rayet stars}},
	Volume = 45,
	Year = 2001,
	Bdsk-Url-1 = {https://doi.org/10.1016/S1387-6473(00)00112-3}}

@article{slesnick02,
	Adsnote = {Provided by the SAO/NASA Astrophysics Data System},
	Adsurl = {http://adsabs.harvard.edu/abs/2002ApJ...576..880S},
	Author = {{Slesnick}, C.~L. and {Hillenbrand}, L.~A. and {Massey}, P.},
	Date-Added = {2018-11-26 13:14:43 -0800},
	Date-Modified = {2018-11-26 13:14:43 -0800},
	Doi = {10.1086/341865},
	Eprint = {astro-ph/0205130},
	Journal = {\apj},
	Keywords = {Galaxy: Open Clusters and Associations: Individual: NGC Number: NGC 869, Galaxy: Open Clusters and Associations: Individual: NGC Number: NGC 884, Stars: Early-Type, Stars: Luminosity Function, Mass Function},
	Month = sep,
	Pages = {880-893},
	Title = {{The Star Formation History and Mass Function of the Double Cluster h and {$\chi$} Persei}},
	Volume = 576,
	Year = 2002,
	Bdsk-Url-1 = {https://doi.org/10.1086/341865}}

@article{crowther07,
	Adsnote = {Provided by the SAO/NASA Astrophysics Data System},
	Adsurl = {http://adsabs.harvard.edu/abs/2007ARA%26A..45..177C},
	Author = {{Crowther}, P.~A.},
	Date-Added = {2018-11-26 13:14:43 -0800},
	Date-Modified = {2018-11-26 13:14:43 -0800},
	Doi = {10.1146/annurev.astro.45.051806.110615},
	Eprint = {astro-ph/0610356},
	Journal = {\araa},
	Month = sep,
	Pages = {177-219},
	Title = {{Physical Properties of Wolf-Rayet Stars}},
	Volume = 45,
	Year = 2007,
	Bdsk-Url-1 = {https://doi.org/10.1146/annurev.astro.45.051806.110615}}

@article{massey03AR,
	Adsnote = {Provided by the SAO/NASA Astrophysics Data System},
	Adsurl = {http://adsabs.harvard.edu/abs/2003ARA%26A..41...15M},
	Author = {{Massey}, P.},
	Date-Added = {2018-11-26 13:14:43 -0800},
	Date-Modified = {2018-11-26 13:14:43 -0800},
	Doi = {10.1146/annurev.astro.41.071601.170033},
	Journal = {\araa},
	Pages = {15-56},
	Title = {{MASSIVE STARS IN THE LOCAL GROUP: Implications for Stellar Evolution and Star Formation}},
	Volume = 41,
	Year = 2003,
	Bdsk-Url-1 = {https://doi.org/10.1146/annurev.astro.41.071601.170033}}

@article{gossage18,
	Adsnote = {Provided by the SAO/NASA Astrophysics Data System},
	Adsurl = {http://adsabs.harvard.edu/abs/2018ApJ...863...67G},
	Archiveprefix = {arXiv},
	Author = {{Gossage}, S. and {Conroy}, C. and {Dotter}, A. and {Choi}, J. and {Rosenfield}, P. and {Cargile}, P. and {Dolphin}, A.},
	Date-Added = {2018-11-26 13:14:43 -0800},
	Date-Modified = {2018-11-26 13:14:43 -0800},
	Doi = {10.3847/1538-4357/aad0a0},
	Eid = {67},
	Eprint = {1804.06441},
	Journal = {\apj},
	Keywords = {Hertzsprung{\ndash}Russell and C{\ndash}M diagrams, open clusters and associations: individual: The Hyades, The Praesepe, The Pleiades, stars: general, stars: rotation},
	Month = aug,
	Pages = {67},
	Primaryclass = {astro-ph.SR},
	Title = {{Age Determinations of the Hyades, Praesepe, and Pleiades via MESA Models with Rotation}},
	Volume = 863,
	Year = 2018,
	Bdsk-Url-1 = {https://doi.org/10.3847/1538-4357/aad0a0}}

@article{kewley01,
	Adsnote = {Provided by the SAO/NASA Astrophysics Data System},
	Adsurl = {http://adsabs.harvard.edu/abs/2001ApJ...556..121K},
	Author = {{Kewley}, L.~J. and {Dopita}, M.~A. and {Sutherland}, R.~S. and {Heisler}, C.~A. and {Trevena}, J.},
	Date-Added = {2018-11-26 13:14:43 -0800},
	Date-Modified = {2018-11-26 13:14:43 -0800},
	Doi = {10.1086/321545},
	Eprint = {astro-ph/0106324},
	Journal = {\apj},
	Keywords = {Galaxies: Starburst, Radiation Mechanisms: Thermal},
	Month = jul,
	Pages = {121-140},
	Title = {{Theoretical Modeling of Starburst Galaxies}},
	Volume = 556,
	Year = 2001,
	Bdsk-Url-1 = {https://doi.org/10.1086/321545}}

@article{linden10,
	Adsnote = {Provided by the SAO/NASA Astrophysics Data System},
	Adsurl = {http://adsabs.harvard.edu/abs/2010ApJ...725.1984L},
	Archiveprefix = {arXiv},
	Author = {{Linden}, T. and {Kalogera}, V. and {Sepinsky}, J.~F. and {Prestwich}, A. and {Zezas}, A. and {Gallagher}, J.~S.},
	Date-Added = {2018-11-26 13:14:43 -0800},
	Date-Modified = {2018-11-26 13:14:43 -0800},
	Doi = {10.1088/0004-637X/725/2/1984},
	Eprint = {1005.1639},
	Journal = {\apj},
	Keywords = {galaxies: starburst, supernovae: general, X-rays: binaries},
	Month = dec,
	Pages = {1984-1994},
	Title = {{The Effect of Starburst Metallicity on Bright X-ray Binary Formation Pathways}},
	Volume = 725,
	Year = 2010,
	Bdsk-Url-1 = {https://doi.org/10.1088/0004-637X/725/2/1984}}

@article{garmany80,
	Adsnote = {Provided by the SAO/NASA Astrophysics Data System},
	Adsurl = {http://adsabs.harvard.edu/abs/1980ApJ...242.1063G},
	Author = {{Garmany}, C.~D. and {Conti}, P.~S. and {Massey}, P.},
	Date-Added = {2018-11-26 13:14:43 -0800},
	Date-Modified = {2018-11-26 13:14:43 -0800},
	Doi = {10.1086/158537},
	Journal = {\apj},
	Keywords = {Astronomical Spectroscopy, Binary Stars, Early Stars, O Stars, X Ray Sources, Mass Ratios, Stellar Luminosity, Stellar Motions, Tables (Data)},
	Month = dec,
	Pages = {1063-1076},
	Title = {{Spectroscopic studies of O type stars. IX - Binary frequency}},
	Volume = 242,
	Year = 1980,
	Bdsk-Url-1 = {https://doi.org/10.1086/158537}}

@book{levesque17,
	Adsnote = {Provided by the SAO/NASA Astrophysics Data System},
	Adsurl = {http://adsabs.harvard.edu/abs/2017ars..book.....L},
	Author = {{Levesque}, E.~M.},
	Booktitle = {Archives des Sciences},
	Date-Added = {2018-11-26 13:14:43 -0800},
	Date-Modified = {2018-11-26 13:14:43 -0800},
	Doi = {10.1088/978-0-7503-1329-2},
	Month = dec,
	Publisher = {IOP Publishing Ltd.},
	Title = {{Astrophysics of Red Supergiants}},
	Year = 2017,
	Bdsk-Url-1 = {https://doi.org/10.1088/978-0-7503-1329-2}}

@article{neugent14,
	Adsnote = {Provided by the SAO/NASA Astrophysics Data System},
	Adsurl = {http://adsabs.harvard.edu/abs/2014ApJ...789...10N},
	Archiveprefix = {arXiv},
	Author = {{Neugent}, K.~F. and {Massey}, P.},
	Date-Added = {2018-11-26 13:14:43 -0800},
	Date-Modified = {2018-11-26 13:14:43 -0800},
	Doi = {10.1088/0004-637X/789/1/10},
	Eid = {10},
	Eprint = {1405.1810},
	Journal = {\apj},
	Keywords = {galaxies: individual: M31 M33, galaxies: stellar content, Local Group, binaries: close, stars: Wolf-Rayet},
	Month = jul,
	Pages = {10},
	Primaryclass = {astro-ph.SR},
	Title = {{The Close Binary Frequency of Wolf-Rayet Stars as a Function of Metallicity in M31 and M33}},
	Volume = 789,
	Year = 2014,
	Bdsk-Url-1 = {https://doi.org/10.1088/0004-637X/789/1/10}}

@article{sana13,
	Adsnote = {Provided by the SAO/NASA Astrophysics Data System},
	Adsurl = {http://adsabs.harvard.edu/abs/2013A%26A...550A.107S},
	Archiveprefix = {arXiv},
	Author = {{Sana}, H. and {de Koter}, A. and {de Mink}, S.~E. and {Dunstall}, P.~R. and {Evans}, C.~J. and {H{\'e}nault-Brunet}, V. and {Ma{\'{\i}}z Apell{\'a}niz}, J. and {Ram{\'{\i}}rez-Agudelo}, O.~H. and {Taylor}, W.~D. and {Walborn}, N.~R. and {Clark}, J.~S. and {Crowther}, P.~A. and {Herrero}, A. and {Gieles}, M. and {Langer}, N. and {Lennon}, D.~J. and {Vink}, J.~S.},
	Date-Added = {2018-11-26 13:14:43 -0800},
	Date-Modified = {2018-11-26 13:14:43 -0800},
	Doi = {10.1051/0004-6361/201219621},
	Eid = {A107},
	Eprint = {1209.4638},
	Journal = {\aap},
	Keywords = {stars: early-type, stars: massive, binaries: spectroscopic, open clusters and associations: individual: 30 Dor, binaries: close, Magellanic Clouds},
	Month = feb,
	Pages = {A107},
	Primaryclass = {astro-ph.SR},
	Title = {{The VLT-FLAMES Tarantula Survey. VIII. Multiplicity properties of the O-type star population}},
	Volume = 550,
	Year = 2013,
	Bdsk-Url-1 = {https://doi.org/10.1051/0004-6361/201219621}}

@article{brinchmann08,
	Adsnote = {Provided by the SAO/NASA Astrophysics Data System},
	Adsurl = {http://adsabs.harvard.edu/abs/2008MNRAS.385..769B},
	Archiveprefix = {arXiv},
	Author = {{Brinchmann}, J. and {Pettini}, M. and {Charlot}, S.},
	Date-Added = {2018-11-26 13:14:43 -0800},
	Date-Modified = {2018-11-26 13:14:43 -0800},
	Doi = {10.1111/j.1365-2966.2008.12914.x},
	Eprint = {0801.1678},
	Journal = {\mnras},
	Keywords = {stars: early-type, stars: Wolf-Rayet, galaxies: abundances, galaxies: evolution, galaxies: high-redshift, galaxies: starburst},
	Month = apr,
	Pages = {769-782},
	Title = {{New insights into the stellar content and physical conditions of star-forming galaxies at z = 2-3 from spectral modelling}},
	Volume = 385,
	Year = 2008,
	Bdsk-Url-1 = {https://doi.org/10.1111/j.1365-2966.2008.12914.x}}

@article{sartoretti18,
	Adsnote = {Provided by the SAO/NASA Astrophysics Data System},
	Adsurl = {http://adsabs.harvard.edu/abs/2018A%26A...616A...6S},
	Archiveprefix = {arXiv},
	Author = {{Sartoretti}, P. and {Katz}, D. and {Cropper}, M. and {Panuzzo}, P. and {Seabroke}, G.~M. and {Viala}, Y. and {Benson}, K. and {Blomme}, R. and {Jasniewicz}, G. and {Jean-Antoine}, A. and {Huckle}, H. and {Smith}, M. and {Baker}, S. and {Crifo}, F. and {Damerdji}, Y. and {David}, M. and {Dolding}, C. and {Fr{\'e}mat}, Y. and {Gosset}, E. and {Guerrier}, A. and {Guy}, L.~P. and {Haigron}, R. and {Jan{\ss}en}, K. and {Marchal}, O. and {Plum}, G. and {Soubiran}, C. and {Th{\'e}venin}, F. and {Ajaj}, M. and {Allende Prieto}, C. and {Babusiaux}, C. and {Boudreault}, S. and {Chemin}, L. and {Delle Luche}, C. and {Fabre}, C. and {Gueguen}, A. and {Hambly}, N.~C. and {Lasne}, Y. and {Meynadier}, F. and {Pailler}, F. and {Panem}, C. and {Riclet}, F. and {Royer}, F. and {Tauran}, G. and {Zurbach}, C. and {Zwitter}, T. and {Arenou}, F. and {Gomez}, A. and {Lemaitre}, V. and {Leclerc}, N. and {Morel}, T. and {Munari}, U. and {Turon}, C. and {{\v Z}erjal}, M.},
	Date-Added = {2018-11-26 13:14:43 -0800},
	Date-Modified = {2018-11-26 13:14:43 -0800},
	Doi = {10.1051/0004-6361/201832836},
	Eid = {A6},
	Eprint = {1804.09371},
	Journal = {\aap},
	Keywords = {techniques: spectroscopic, catalogs, techniques: radial velocities, surveys, methods: data analysis},
	Month = aug,
	Pages = {A6},
	Title = {{Gaia Data Release 2. Processing the spectroscopic data}},
	Volume = 616,
	Year = 2018,
	Bdsk-Url-1 = {https://doi.org/10.1051/0004-6361/201832836}}

@article{andrae18,
	Adsnote = {Provided by the SAO/NASA Astrophysics Data System},
	Adsurl = {http://adsabs.harvard.edu/abs/2018A%26A...616A...8A},
	Archiveprefix = {arXiv},
	Author = {{Andrae}, R. and {Fouesneau}, M. and {Creevey}, O. and {Ordenovic}, C. and {Mary}, N. and {Burlacu}, A. and {Chaoul}, L. and {Jean-Antoine-Piccolo}, A. and {Kordopatis}, G. and {Korn}, A. and {Lebreton}, Y. and {Panem}, C. and {Pichon}, B. and {Th{\'e}venin}, F. and {Walmsley}, G. and {Bailer-Jones}, C.~A.~L.},
	Date-Added = {2018-11-26 13:14:43 -0800},
	Date-Modified = {2018-11-26 13:14:43 -0800},
	Doi = {10.1051/0004-6361/201732516},
	Eid = {A8},
	Eprint = {1804.09374},
	Journal = {\aap},
	Keywords = {stars: fundamental parameters, methods: data analysis, methods: statistical, surveys, catalogs},
	Month = aug,
	Pages = {A8},
	Primaryclass = {astro-ph.SR},
	Title = {{Gaia Data Release 2. First stellar parameters from Apsis}},
	Volume = 616,
	Year = 2018,
	Bdsk-Url-1 = {https://doi.org/10.1051/0004-6361/201732516}}

@article{stanway16,
	Adsnote = {Provided by the SAO/NASA Astrophysics Data System},
	Adsurl = {http://adsabs.harvard.edu/abs/2016MNRAS.456..485S},
	Archiveprefix = {arXiv},
	Author = {{Stanway}, E.~R. and {Eldridge}, J.~J. and {Becker}, G.~D.},
	Date-Added = {2018-11-26 13:14:43 -0800},
	Date-Modified = {2018-11-26 13:14:43 -0800},
	Doi = {10.1093/mnras/stv2661},
	Eprint = {1511.03268},
	Journal = {\mnras},
	Keywords = {binaries: general, stars: evolution, galaxies: high-redshift},
	Month = feb,
	Pages = {485-499},
	Title = {{Stellar population effects on the inferred photon density at reionization}},
	Volume = 456,
	Year = 2016,
	Bdsk-Url-1 = {https://doi.org/10.1093/mnras/stv2661}}

@article{tinsley75,
	Adsnote = {Provided by the SAO/NASA Astrophysics Data System},
	Adsurl = {http://adsabs.harvard.edu/abs/1975PASP...87..837T},
	Author = {{Tinsley}, B.~M.},
	Date-Added = {2018-11-26 13:14:43 -0800},
	Date-Modified = {2018-11-26 13:14:43 -0800},
	Doi = {10.1086/129857},
	Journal = {\pasp},
	Keywords = {Stellar Evolution, Supernovae, Astronomical Models, Pulsars, Statistical Analysis, Stellar Mass},
	Month = dec,
	Pages = {837-848},
	Title = {{What stars become supernovae}},
	Volume = 87,
	Year = 1975,
	Bdsk-Url-1 = {https://doi.org/10.1086/129857}}

@inproceedings{maeder96,
	Adsnote = {Provided by the SAO/NASA Astrophysics Data System},
	Adsurl = {http://adsabs.harvard.edu/abs/1996LIACo..33...39M},
	Author = {{Maeder}, A.},
	Booktitle = {Liege International Astrophysical Colloquia},
	Date-Added = {2018-11-26 13:14:43 -0800},
	Date-Modified = {2018-11-26 13:14:43 -0800},
	Editor = {{Vreux}, J.~M. and {Detal}, A. and {Fraipont-Caro}, D. and {Gosset}, E. and {Rauw}, G.},
	Pages = {39},
	Series = {Liege International Astrophysical Colloquia},
	Title = {{The Conti scenario for forming WR stars: past, present and future}},
	Volume = 33,
	Year = 1996}

@article{biermann51,
	Adsnote = {Provided by the SAO/NASA Astrophysics Data System},
	Adsurl = {http://adsabs.harvard.edu/abs/1951ZA.....29..274B},
	Author = {{Biermann}, L.},
	Date-Added = {2018-11-26 13:14:43 -0800},
	Date-Modified = {2018-11-26 13:14:43 -0800},
	Journal = {\zap},
	Pages = {274},
	Title = {{Kometenschweife und solare Korpuskularstrahlung}},
	Volume = 29,
	Year = 1951}

@article{biermann57,
	Adsnote = {Provided by the SAO/NASA Astrophysics Data System},
	Adsurl = {http://adsabs.harvard.edu/abs/1957Obs....77..109B},
	Author = {{Biermann}, L.},
	Date-Added = {2018-11-26 13:14:43 -0800},
	Date-Modified = {2018-11-26 13:14:43 -0800},
	Journal = {The Observatory},
	Month = jun,
	Pages = {109-110},
	Title = {{Solar corpuscular radiation and the interplanetary gas}},
	Volume = 77,
	Year = 1957}

@article{carrington59,
	Adsnote = {Provided by the SAO/NASA Astrophysics Data System},
	Adsurl = {http://adsabs.harvard.edu/abs/1859MNRAS..20...13C},
	Author = {{Carrington}, R.~C.},
	Date-Added = {2018-11-26 13:14:43 -0800},
	Date-Modified = {2018-11-26 13:14:43 -0800},
	Doi = {10.1093/mnras/20.1.13},
	Journal = {\mnras},
	Month = nov,
	Pages = {13-15},
	Title = {{Description of a Singular Appearance seen in the Sun on September 1, 1859}},
	Volume = 20,
	Year = 1859,
	Bdsk-Url-1 = {https://doi.org/10.1093/mnras/20.1.13}}

@article{parker65,
	Adsnote = {Provided by the SAO/NASA Astrophysics Data System},
	Adsurl = {http://adsabs.harvard.edu/abs/1965SSRv....4..666P},
	Author = {{Parker}, E.~N.},
	Date-Added = {2018-11-26 13:14:43 -0800},
	Date-Modified = {2018-11-26 13:14:43 -0800},
	Doi = {10.1007/BF00216273},
	Journal = {\ssr},
	Month = sep,
	Pages = {666-708},
	Title = {{Dynamical Theory of the Solar Wind}},
	Volume = 4,
	Year = 1965,
	Bdsk-Url-1 = {https://doi.org/10.1007/BF00216273}}

@article{parker60,
	Adsnote = {Provided by the SAO/NASA Astrophysics Data System},
	Adsurl = {http://adsabs.harvard.edu/abs/1960ApJ...132..821P},
	Author = {{Parker}, E.~N.},
	Date-Added = {2018-11-26 13:14:43 -0800},
	Date-Modified = {2018-11-26 13:14:43 -0800},
	Doi = {10.1086/146985},
	Journal = {\apj},
	Month = nov,
	Pages = {821},
	Title = {{The Hydrodynamic Theory of Solar Corpuscular Radiation and Stellar Winds.}},
	Volume = 132,
	Year = 1960,
	Bdsk-Url-1 = {https://doi.org/10.1086/146985}}

@article{billings59,
	Adsnote = {Provided by the SAO/NASA Astrophysics Data System},
	Adsurl = {http://adsabs.harvard.edu/abs/1959ApJ...130..961B},
	Author = {{Billings}, D.~E.},
	Date-Added = {2018-11-26 13:14:43 -0800},
	Date-Modified = {2018-11-26 13:14:43 -0800},
	Doi = {10.1086/146785},
	Journal = {\apj},
	Month = nov,
	Pages = {961},
	Title = {{Distribution of Matter with Temperature in the Emission Corona.}},
	Volume = 130,
	Year = 1959,
	Bdsk-Url-1 = {https://doi.org/10.1086/146785}}

@article{shajn29,
	Adsnote = {Provided by the SAO/NASA Astrophysics Data System},
	Adsurl = {http://adsabs.harvard.edu/abs/1929MNRAS..89..222S},
	Author = {{Shajn}, G. and {Struve}, O.},
	Date-Added = {2018-11-26 13:14:43 -0800},
	Date-Modified = {2018-11-26 13:14:43 -0800},
	Doi = {10.1093/mnras/89.3.222},
	Journal = {\mnras},
	Month = jan,
	Pages = {222-239},
	Title = {{On the rotation of the stars}},
	Volume = 89,
	Year = 1929,
	Bdsk-Url-1 = {https://doi.org/10.1093/mnras/89.3.222}}

@article{jeans26,
	Adsnote = {Provided by the SAO/NASA Astrophysics Data System},
	Adsurl = {http://adsabs.harvard.edu/abs/1926MNRAS..86..328J},
	Author = {{Jeans}, J.~H.},
	Date-Added = {2018-11-26 13:14:43 -0800},
	Date-Modified = {2018-11-26 13:14:43 -0800},
	Doi = {10.1093/mnras/86.5.328},
	Journal = {\mnras},
	Month = mar,
	Pages = {328-335},
	Title = {{On radiative viscosity and the rotation of astronomical masses}},
	Volume = 86,
	Year = 1926,
	Bdsk-Url-1 = {https://doi.org/10.1093/mnras/86.5.328}}

@article{charbonneau14,
	Adsnote = {Provided by the SAO/NASA Astrophysics Data System},
	Adsurl = {http://adsabs.harvard.edu/abs/2014ARA%26A..52..251C},
	Author = {{Charbonneau}, P.},
	Date-Added = {2018-11-26 13:14:43 -0800},
	Date-Modified = {2018-11-26 13:14:43 -0800},
	Doi = {10.1146/annurev-astro-081913-040012},
	Journal = {\araa},
	Month = aug,
	Pages = {251-290},
	Title = {{Solar Dynamo Theory}},
	Volume = 52,
	Year = 2014,
	Bdsk-Url-1 = {https://doi.org/10.1146/annurev-astro-081913-040012}}

@article{shu94,
	Adsnote = {Provided by the SAO/NASA Astrophysics Data System},
	Adsurl = {http://adsabs.harvard.edu/abs/1994ApJ...429..781S},
	Author = {{Shu}, F. and {Najita}, J. and {Ostriker}, E. and {Wilkin}, F. and {Ruden}, S. and {Lizano}, S.},
	Date-Added = {2018-11-26 13:14:43 -0800},
	Date-Modified = {2018-11-26 13:14:43 -0800},
	Doi = {10.1086/174363},
	Journal = {\apj},
	Keywords = {Astronomical Models, Centrifugal Force, Disk Galaxies, Magnetic Fields, Mass Flow, Protostars, Stellar Mass Accretion, T Tauri Stars, Angular Momentum, Numerical Analysis, Stellar Winds, Terminal Velocity},
	Month = jul,
	Pages = {781-796},
	Title = {{Magnetocentrifugally driven flows from young stars and disks. 1: A generalized model}},
	Volume = 429,
	Year = 1994,
	Bdsk-Url-1 = {https://doi.org/10.1086/174363}}

@article{donati02,
	Adsnote = {Provided by the SAO/NASA Astrophysics Data System},
	Adsurl = {http://adsabs.harvard.edu/abs/2002MNRAS.333...55D},
	Author = {{Donati}, J.-F. and {Babel}, J. and {Harries}, T.~J. and {Howarth}, I.~D. and {Petit}, P. and {Semel}, M.},
	Date-Added = {2018-11-26 13:14:43 -0800},
	Date-Modified = {2018-11-26 13:14:43 -0800},
	Doi = {10.1046/j.1365-8711.2002.05379.x},
	Journal = {\mnras},
	Keywords = {stars: individual: {\thetas}1 Ori C, stars: magnetic fields, stars: rotation, stars: winds, outflows},
	Month = jun,
	Pages = {55-70},
	Title = {{The magnetic field and wind confinement of {\thetas}$^{1}$ Orionis C}},
	Volume = 333,
	Year = 2002,
	Bdsk-Url-1 = {https://doi.org/10.1046/j.1365-8711.2002.05379.x}}

@article{heger05,
	Adsnote = {Provided by the SAO/NASA Astrophysics Data System},
	Adsurl = {http://adsabs.harvard.edu/abs/2005ApJ...626..350H},
	Author = {{Heger}, A. and {Woosley}, S.~E. and {Spruit}, H.~C.},
	Date-Added = {2018-11-26 13:14:43 -0800},
	Date-Modified = {2018-11-26 13:14:43 -0800},
	Doi = {10.1086/429868},
	Eprint = {astro-ph/0409422},
	Journal = {\apj},
	Keywords = {Stars: Pulsars: General, Stars: Evolution, Stars: Magnetic Fields, Stars: Rotation},
	Month = jun,
	Pages = {350-363},
	Title = {{Presupernova Evolution of Differentially Rotating Massive Stars Including Magnetic Fields}},
	Volume = 626,
	Year = 2005,
	Bdsk-Url-1 = {https://doi.org/10.1086/429868}}

@article{puls08,
	Adsnote = {Provided by the SAO/NASA Astrophysics Data System},
	Adsurl = {http://adsabs.harvard.edu/abs/2008A%26ARv..16..209P},
	Archiveprefix = {arXiv},
	Author = {{Puls}, J. and {Vink}, J.~S. and {Najarro}, F.},
	Date-Added = {2018-11-26 13:14:43 -0800},
	Date-Modified = {2018-11-26 13:14:43 -0800},
	Doi = {10.1007/s00159-008-0015-8},
	Eprint = {0811.0487},
	Journal = {\aapr},
	Keywords = {Hydrodynamics, Stars: atmospheres, Stars: early-type, Stars: mass loss, Stars: winds, outflows},
	Month = dec,
	Pages = {209-325},
	Title = {{Mass loss from hot massive stars}},
	Volume = 16,
	Year = 2008,
	Bdsk-Url-1 = {https://doi.org/10.1007/s00159-008-0015-8}}

@inproceedings{vanmarle13,
	Adsnote = {Provided by the SAO/NASA Astrophysics Data System},
	Adsurl = {http://adsabs.harvard.edu/abs/2013EAS....60..235V},
	Author = {{van Marle}, A.~J. and {Decin}, L.},
	Booktitle = {EAS Publications Series},
	Date-Added = {2018-11-26 13:14:43 -0800},
	Date-Modified = {2018-11-26 13:14:43 -0800},
	Doi = {10.1051/eas/1360027},
	Editor = {{Kervella}, P. and {Le Bertre}, T. and {Perrin}, G.},
	Month = may,
	Pages = {235-241},
	Series = {EAS Publications Series},
	Title = {{The influence of a variable mass loss rate on the dust and gas dynamics in the bow-shock of {$\alpha$}-Orionis}},
	Volume = 60,
	Year = 2013,
	Bdsk-Url-1 = {https://doi.org/10.1051/eas/1360027}}

@article{vink02,
	Adsnote = {Provided by the SAO/NASA Astrophysics Data System},
	Adsurl = {http://adsabs.harvard.edu/abs/2002A%26A...393..543V},
	Author = {{Vink}, J.~S. and {de Koter}, A.},
	Date-Added = {2018-11-26 13:14:43 -0800},
	Date-Modified = {2018-11-26 13:14:43 -0800},
	Doi = {10.1051/0004-6361:20021009},
	Eprint = {astro-ph/0207170},
	Journal = {\aap},
	Keywords = {stars: early-type, stars: mass-loss, stars: supergiants, stars: winds, outflows, stars: evolution},
	Month = oct,
	Pages = {543-553},
	Title = {{Predictions of variable mass loss for Luminous Blue Variables}},
	Volume = 393,
	Year = 2002,
	Bdsk-Url-1 = {https://doi.org/10.1051/0004-6361:20021009}}

@article{bailerjones18,
	Adsnote = {Provided by the SAO/NASA Astrophysics Data System},
	Adsurl = {https://ui.adsabs.harvard.edu/#abs/2018AJ....156...58B},
	Author = {{Bailer-Jones}, C.~A.~L. and {Rybizki}, J. and {Fouesneau}, M. and {Mantelet}, G. and {Andrae}, R.},
	Date-Added = {2018-11-26 13:14:43 -0800},
	Date-Modified = {2018-11-26 13:14:43 -0800},
	Doi = {10.3847/1538-3881/aacb21},
	Eid = {58},
	Journal = {\aj},
	Keywords = {catalogs, Galaxy: structure, methods: statistical, stars: distances, Astrophysics - Solar and Stellar Astrophysics, Astrophysics - Astrophysics of Galaxies, Astrophysics - Instrumentation and Methods for Astrophysics},
	Month = Aug,
	Pages = {58},
	Primaryclass = {astro-ph.SR},
	Title = {{Estimating Distance from Parallaxes. IV. Distances to 1.33 Billion Stars in Gaia Data Release 2}},
	Volume = {156},
	Year = 2018,
	Bdsk-Url-1 = {https://doi.org/10.3847/1538-3881/aacb21}}

@article{lindegren18,
	Adsnote = {Provided by the SAO/NASA Astrophysics Data System},
	Adsurl = {http://adsabs.harvard.edu/abs/2018A%26A...616A...2L},
	Archiveprefix = {arXiv},
	Author = {{Lindegren}, L. and {Hern{\'a}ndez}, J. and {Bombrun}, A. and {Klioner}, S. and {Bastian}, U. and {Ramos-Lerate}, M. and {de Torres}, A. and {Steidelm{\"u}ller}, H. and {Stephenson}, C. and {Hobbs}, D. and {Lammers}, U. and {Biermann}, M. and {Geyer}, R. and {Hilger}, T. and {Michalik}, D. and {Stampa}, U. and {McMillan}, P.~J. and {Casta{\~n}eda}, J. and {Clotet}, M. and {Comoretto}, G. and {Davidson}, M. and {Fabricius}, C. and {Gracia}, G. and {Hambly}, N.~C. and {Hutton}, A. and {Mora}, A. and {Portell}, J. and {van Leeuwen}, F. and {Abbas}, U. and {Abreu}, A. and {Altmann}, M. and {Andrei}, A. and {Anglada}, E. and {Balaguer-N{\'u}{\~n}ez}, L. and {Barache}, C. and {Becciani}, U. and {Bertone}, S. and {Bianchi}, L. and {Bouquillon}, S. and {Bourda}, G. and {Br{\"u}semeister}, T. and {Bucciarelli}, B. and {Busonero}, D. and {Buzzi}, R. and {Cancelliere}, R. and {Carlucci}, T. and {Charlot}, P. and {Cheek}, N. and {Crosta}, M. and {Crowley}, C. and {de Bruijne}, J. and {de Felice}, F. and {Drimmel}, R. and {Esquej}, P. and {Fienga}, A. and {Fraile}, E. and {Gai}, M. and {Garralda}, N. and {Gonz{\'a}lez-Vidal}, J.~J. and {Guerra}, R. and {Hauser}, M. and {Hofmann}, W. and {Holl}, B. and {Jordan}, S. and {Lattanzi}, M.~G. and {Lenhardt}, H. and {Liao}, S. and {Licata}, E. and {Lister}, T. and {L{\"o}ffler}, W. and {Marchant}, J. and {Martin-Fleitas}, J.-M. and {Messineo}, R. and {Mignard}, F. and {Morbidelli}, R. and {Poggio}, E. and {Riva}, A. and {Rowell}, N. and {Salguero}, E. and {Sarasso}, M. and {Sciacca}, E. and {Siddiqui}, H. and {Smart}, R.~L. and {Spagna}, A. and {Steele}, I. and {Taris}, F. and {Torra}, J. and {van Elteren}, A. and {van Reeven}, W. and {Vecchiato}, A.},
	Date-Added = {2018-11-26 13:14:43 -0800},
	Date-Modified = {2018-11-26 13:14:43 -0800},
	Doi = {10.1051/0004-6361/201832727},
	Eid = {A2},
	Eprint = {1804.09366},
	Journal = {\aap},
	Keywords = {astrometry, parallaxes, proper motions, methods: data analysis, space vehicles: instruments, reference systems},
	Month = aug,
	Pages = {A2},
	Primaryclass = {astro-ph.IM},
	Title = {{Gaia Data Release 2. The astrometric solution}},
	Volume = 616,
	Year = 2018,
	Bdsk-Url-1 = {https://doi.org/10.1051/0004-6361/201832727}}

@article{gaia18,
	Adsnote = {Provided by the SAO/NASA Astrophysics Data System},
	Adsurl = {http://adsabs.harvard.edu/abs/2018A%26A...616A...1G},
	Archiveprefix = {arXiv},
	Author = {{Gaia Collaboration} and {Brown}, A.~G.~A. and {Vallenari}, A. and {Prusti}, T. and {de Bruijne}, J.~H.~J. and {Babusiaux}, C. and {Bailer-Jones}, C.~A.~L. and {Biermann}, M. and {Evans}, D.~W. and {Eyer}, L. and et al.},
	Date-Added = {2018-11-26 13:14:43 -0800},
	Date-Modified = {2018-11-26 13:14:43 -0800},
	Doi = {10.1051/0004-6361/201833051},
	Eid = {A1},
	Eprint = {1804.09365},
	Journal = {\aap},
	Keywords = {catalogs, astrometry, techniques: radial velocities, stars: fundamental parameters, stars: variables: general, minor planets, asteroids: general},
	Month = aug,
	Pages = {A1},
	Title = {{Gaia Data Release 2. Summary of the contents and survey properties}},
	Volume = 616,
	Year = 2018,
	Bdsk-Url-1 = {https://doi.org/10.1051/0004-6361/201833051}}

@article{dotter16,
	Adsnote = {Provided by the SAO/NASA Astrophysics Data System},
	Adsurl = {http://adsabs.harvard.edu/abs/2016ApJS..222....8D},
	Archiveprefix = {arXiv},
	Author = {{Dotter}, A.},
	Date-Added = {2018-11-26 13:14:43 -0800},
	Date-Modified = {2018-11-26 13:14:43 -0800},
	Doi = {10.3847/0067-0049/222/1/8},
	Eid = {8},
	Eprint = {1601.05144},
	Journal = {\apjs},
	Keywords = {methods: numerical, stars: evolution},
	Month = jan,
	Pages = {8},
	Primaryclass = {astro-ph.SR},
	Title = {{MESA Isochrones and Stellar Tracks (MIST) 0: Methods for the Construction of Stellar Isochrones}},
	Volume = 222,
	Year = 2016,
	Bdsk-Url-1 = {https://doi.org/10.3847/0067-0049/222/1/8}}

@article{choi16,
	Adsnote = {Provided by the SAO/NASA Astrophysics Data System},
	Adsurl = {http://adsabs.harvard.edu/abs/2016ApJ...823..102C},
	Archiveprefix = {arXiv},
	Author = {{Choi}, J. and {Dotter}, A. and {Conroy}, C. and {Cantiello}, M. and {Paxton}, B. and {Johnson}, B.~D.},
	Date-Added = {2018-11-26 13:14:43 -0800},
	Date-Modified = {2018-11-26 13:14:43 -0800},
	Doi = {10.3847/0004-637X/823/2/102},
	Eid = {102},
	Eprint = {1604.08592},
	Journal = {\apj},
	Keywords = {stars: evolution, stars: general, stars: interiors},
	Month = jun,
	Pages = {102},
	Primaryclass = {astro-ph.SR},
	Title = {{Mesa Isochrones and Stellar Tracks (MIST). I. Solar-scaled Models}},
	Volume = 823,
	Year = 2016,
	Bdsk-Url-1 = {https://doi.org/10.3847/0004-637X/823/2/102}}

@article{paxton11,
	Adsnote = {Provided by the SAO/NASA Astrophysics Data System},
	Adsurl = {http://adsabs.harvard.edu/abs/2011ApJS..192....3P},
	Archiveprefix = {arXiv},
	Author = {{Paxton}, B. and {Bildsten}, L. and {Dotter}, A. and {Herwig}, F. and {Lesaffre}, P. and {Timmes}, F.},
	Date-Added = {2018-11-26 13:14:43 -0800},
	Date-Modified = {2018-11-26 13:14:43 -0800},
	Doi = {10.1088/0067-0049/192/1/3},
	Eid = {3},
	Eprint = {1009.1622},
	Journal = {\apjs},
	Keywords = {methods: numerical, stars: evolution, stars: general},
	Month = jan,
	Pages = {3},
	Primaryclass = {astro-ph.SR},
	Title = {{Modules for Experiments in Stellar Astrophysics (MESA)}},
	Volume = 192,
	Year = 2011,
	Bdsk-Url-1 = {https://doi.org/10.1088/0067-0049/192/1/3}}

@article{paxton13,
	Adsnote = {Provided by the SAO/NASA Astrophysics Data System},
	Adsurl = {http://adsabs.harvard.edu/abs/2013ApJS..208....4P},
	Archiveprefix = {arXiv},
	Author = {{Paxton}, B. and {Cantiello}, M. and {Arras}, P. and {Bildsten}, L. and {Brown}, E.~F. and {Dotter}, A. and {Mankovich}, C. and {Montgomery}, M.~H. and {Stello}, D. and {Timmes}, F.~X. and {Townsend}, R.},
	Date-Added = {2018-11-26 13:14:43 -0800},
	Date-Modified = {2018-11-26 13:14:43 -0800},
	Doi = {10.1088/0067-0049/208/1/4},
	Eid = {4},
	Eprint = {1301.0319},
	Journal = {\apjs},
	Keywords = {asteroseismology, methods: numerical, planets and satellites: physical evolution, stars: evolution, stars: massive, stars: rotation},
	Month = sep,
	Pages = {4},
	Primaryclass = {astro-ph.SR},
	Title = {{Modules for Experiments in Stellar Astrophysics (MESA): Planets, Oscillations, Rotation, and Massive Stars}},
	Volume = 208,
	Year = 2013,
	Bdsk-Url-1 = {https://doi.org/10.1088/0067-0049/208/1/4}}

@article{paxton15,
	Adsnote = {Provided by the SAO/NASA Astrophysics Data System},
	Adsurl = {http://adsabs.harvard.edu/abs/2015ApJS..220...15P},
	Archiveprefix = {arXiv},
	Author = {{Paxton}, B. and {Marchant}, P. and {Schwab}, J. and {Bauer}, E.~B. and {Bildsten}, L. and {Cantiello}, M. and {Dessart}, L. and {Farmer}, R. and {Hu}, H. and {Langer}, N. and {Townsend}, R.~H.~D. and {Townsley}, D.~M. and {Timmes}, F.~X.},
	Date-Added = {2018-11-26 13:14:43 -0800},
	Date-Modified = {2018-11-26 13:14:43 -0800},
	Doi = {10.1088/0067-0049/220/1/15},
	Eid = {15},
	Eprint = {1506.03146},
	Journal = {\apjs},
	Keywords = {binaries: general, methods: numerical, nuclear reactions, nucleosynthesis, abundances, shock waves, stars: evolution, stars: oscillations},
	Month = sep,
	Pages = {15},
	Primaryclass = {astro-ph.SR},
	Title = {{Modules for Experiments in Stellar Astrophysics (MESA): Binaries, Pulsations, and Explosions}},
	Volume = 220,
	Year = 2015,
	Bdsk-Url-1 = {https://doi.org/10.1088/0067-0049/220/1/15}}

@article{evans10,
	Adsnote = {Provided by the SAO/NASA Astrophysics Data System},
	Adsurl = {http://adsabs.harvard.edu/abs/2010ApJS..189...37E},
	Archiveprefix = {arXiv},
	Author = {{Evans}, I.~N. and {Primini}, F.~A. and {Glotfelty}, K.~J. and {Anderson}, C.~S. and {Bonaventura}, N.~R. and {Chen}, J.~C. and {Davis}, J.~E. and {Doe}, S.~M. and {Evans}, J.~D. and {Fabbiano}, G. and {Galle}, E.~C. and {Gibbs}, II, D.~G. and {Grier}, J.~D. and {Hain}, R.~M. and {Hall}, D.~M. and {Harbo}, P.~N. and {(Helen He}, X. and {Houck}, J.~C. and {Karovska}, M. and {Kashyap}, V.~L. and {Lauer}, J. and {McCollough}, M.~L. and {McDowell}, J.~C. and {Miller}, J.~B. and {Mitschang}, A.~W. and {Morgan}, D.~L. and {Mossman}, A.~E. and {Nichols}, J.~S. and {Nowak}, M.~A. and {Plummer}, D.~A. and {Refsdal}, B.~L. and {Rots}, A.~H. and {Siemiginowska}, A. and {Sundheim}, B.~A. and {Tibbetts}, M.~S. and {Van Stone}, D.~W. and {Winkelman}, S.~L. and {Zografou}, P.},
	Date-Added = {2018-11-26 13:14:43 -0800},
	Date-Modified = {2018-11-26 13:14:43 -0800},
	Doi = {10.1088/0067-0049/189/1/37},
	Eid = {37-82},
	Eprint = {1005.4665},
	Journal = {\apjs},
	Keywords = {catalogs, X-rays: general},
	Month = jul,
	Pages = {37-82},
	Primaryclass = {astro-ph.HE},
	Title = {{The Chandra Source Catalog}},
	Volume = 189,
	Year = 2010,
	Bdsk-Url-1 = {https://doi.org/10.1088/0067-0049/189/1/37}}

@article{vilardell06,
	Adsnote = {Provided by the SAO/NASA Astrophysics Data System},
	Adsurl = {http://cdsads.u-strasbg.fr/abs/2006A%26A...459..321V},
	Author = {{Vilardell}, F. and {Ribas}, I. and {Jordi}, C.},
	Date-Added = {2018-11-26 13:14:43 -0800},
	Date-Modified = {2018-11-26 13:14:43 -0800},
	Doi = {10.1051/0004-6361:20065667},
	Eprint = {astro-ph/0607236},
	Journal = {\aap},
	Keywords = {stars: variables: general, stars: binaries: eclipsing, stars: fundamental parameters, stars: distances, techniques: photometric, catalogs},
	Month = nov,
	Pages = {321-331},
	Title = {{Eclipsing binaries suitable for distance determination in the Andromeda galaxy}},
	Volume = 459,
	Year = 2006,
	Bdsk-Url-1 = {https://doi.org/10.1051/0004-6361:20065667}}

@article{thorne75,
	Adsnote = {Provided by the SAO/NASA Astrophysics Data System},
	Adsurl = {http://adsabs.harvard.edu/abs/1975ApJ...199L..19T},
	Author = {{Thorne}, K.~S. and {Zytkow}, A.~N.},
	Date-Added = {2018-11-26 13:14:43 -0800},
	Date-Modified = {2018-11-26 13:14:43 -0800},
	Doi = {10.1086/181839},
	Journal = {\apjl},
	Keywords = {Astronomical Models, Giant Stars, Neutron Stars, Stellar Evolution, Stellar Structure, Supergiant Stars, Binary Stars, Degenerate Matter, M Stars, Mass Distribution, Stellar Envelopes, Stellar Rotation, Stellar Temperature},
	Month = jul,
	Pages = {L19-L24},
	Title = {{Red giants and supergiants with degenerate neutron cores}},
	Volume = 199,
	Year = 1975,
	Bdsk-Url-1 = {https://doi.org/10.1086/181839}}

@article{levesque06,
	Adsnote = {Provided by the SAO/NASA Astrophysics Data System},
	Adsurl = {http://adsabs.harvard.edu/abs/2006ApJ...645.1102L},
	Author = {{Levesque}, E.~M. and {Massey}, P. and {Olsen}, K.~A.~G. and {Plez}, B. and {Meynet}, G. and {Maeder}, A.},
	Date-Added = {2018-11-26 13:14:43 -0800},
	Date-Modified = {2018-11-26 13:14:43 -0800},
	Doi = {10.1086/504417},
	Eprint = {astro-ph/0603596},
	Journal = {\apj},
	Keywords = {ISM: Dust, Extinction, Stars: Atmospheres, Stars: Fundamental Parameters, Stars: Late-Type, Stars: Supergiants},
	Month = jul,
	Pages = {1102-1117},
	Title = {{The Effective Temperatures and Physical Properties of Magellanic Cloud Red Supergiants: The Effects of Metallicity}},
	Volume = 645,
	Year = 2006,
	Bdsk-Url-1 = {https://doi.org/10.1086/504417}}

@article{cardelli89,
	Adsnote = {Provided by the SAO/NASA Astrophysics Data System},
	Adsurl = {http://adsabs.harvard.edu/abs/1989ApJ...345..245C},
	Author = {{Cardelli}, J.~A. and {Clayton}, G.~C. and {Mathis}, J.~S.},
	Date-Added = {2018-11-26 13:14:43 -0800},
	Date-Modified = {2018-11-26 13:14:43 -0800},
	Doi = {10.1086/167900},
	Journal = {\apj},
	Keywords = {Infrared Spectra, Interstellar Extinction, Ultraviolet Spectra, Visible Spectrum, Computational Astrophysics, Interstellar Matter, Iue},
	Month = oct,
	Pages = {245-256},
	Title = {{The relationship between infrared, optical, and ultraviolet extinction}},
	Volume = 345,
	Year = 1989,
	Bdsk-Url-1 = {https://doi.org/10.1086/167900}}

@article{massey05,
	Adsnote = {Provided by the SAO/NASA Astrophysics Data System},
	Adsurl = {http://adsabs.harvard.edu/abs/2005ApJ...634.1286M},
	Author = {{Massey}, P. and {Plez}, B. and {Levesque}, E.~M. and {Olsen}, K.~A.~G. and {Clayton}, G.~C. and {Josselin}, E.},
	Date-Added = {2018-11-26 13:14:43 -0800},
	Date-Modified = {2018-11-26 13:14:43 -0800},
	Doi = {10.1086/497065},
	Eprint = {astro-ph/0508254},
	Journal = {\apj},
	Keywords = {ISM: Dust, Extinction, Stars: Atmospheres, Stars: Fundamental Parameters, Stars: Late-Type, Stars: Supergiants},
	Month = dec,
	Pages = {1286-1292},
	Title = {{The Reddening of Red Supergiants: When Smoke Gets in Your Eyes}},
	Volume = 634,
	Year = 2005,
	Bdsk-Url-1 = {https://doi.org/10.1086/497065}}

@article{levesque14,
	Adsnote = {Provided by the SAO/NASA Astrophysics Data System},
	Adsurl = {http://adsabs.harvard.edu/abs/2014MNRAS.443L..94L},
	Archiveprefix = {arXiv},
	Author = {{Levesque}, E.~M. and {Massey}, P. and {{\.Z}ytkow}, A.~N. and {Morrell}, N.},
	Date-Added = {2018-11-26 13:14:43 -0800},
	Date-Modified = {2018-11-26 13:14:43 -0800},
	Doi = {10.1093/mnrasl/slu080},
	Eprint = {1406.0001},
	Journal = {\mnras},
	Keywords = {stars: peculiar, supergiants},
	Month = sep,
	Pages = {L94-L98},
	Primaryclass = {astro-ph.SR},
	Title = {{Discovery of a Thorne-{\.Z}ytkow object candidate in the Small Magellanic Cloud}},
	Volume = 443,
	Year = 2014,
	Bdsk-Url-1 = {https://doi.org/10.1093/mnrasl/slu080}}

@article{leonard94,
	Adsnote = {Provided by the SAO/NASA Astrophysics Data System},
	Adsurl = {http://adsabs.harvard.edu/abs/1994ApJ...423L..19L},
	Author = {{Leonard}, P.~J.~T. and {Hills}, J.~G. and {Dewey}, R.~J.},
	Date-Added = {2018-11-26 13:14:43 -0800},
	Date-Modified = {2018-11-26 13:14:43 -0800},
	Doi = {10.1086/187225},
	Journal = {\apjl},
	Keywords = {Binary Stars, Neutron Stars, Star Formation, Stellar Models, Stellar Physics, Supergiant Stars, Supernovae, Stellar Mass, Stellar Mass Ejection, Stellar Orbits},
	Month = mar,
	Pages = {L19-L22},
	Title = {{A new way to make Thorne-Zytkow objects}},
	Volume = 423,
	Year = 1994,
	Bdsk-Url-1 = {https://doi.org/10.1086/187225}}

@inproceedings{leonard93,
	Adsnote = {Provided by the SAO/NASA Astrophysics Data System},
	Adsurl = {http://adsabs.harvard.edu/abs/1993ASPC...45..386L},
	Author = {{Leonard}, P.~J.~T. and {Hills}, J.~G. and {Dewey}, R.~J.},
	Booktitle = {Luminous High-Latitude Stars},
	Date-Added = {2018-11-26 13:14:43 -0800},
	Date-Modified = {2018-11-26 13:14:43 -0800},
	Editor = {{Sasselov}, D.~D.},
	Month = jan,
	Pages = {386},
	Series = {Astronomical Society of the Pacific Conference Series},
	Title = {{Are Some of the Luminous High-Latitude Stars Accretion-Powered Runaways}},
	Volume = 45,
	Year = 1993}

@article{whitmer95,
	Adsnote = {Provided by the SAO/NASA Astrophysics Data System},
	Adsurl = {http://adsabs.harvard.edu/abs/1995PASP..107..127W},
	Author = {{Whitmer}, J.~C. and {Beck-Winchatz}, B. and {Brown}, J.~A. and {Wallerstein}, G.},
	Date-Added = {2018-11-26 13:14:43 -0800},
	Date-Modified = {2018-11-26 13:14:43 -0800},
	Doi = {10.1086/133527},
	Journal = {\pasp},
	Keywords = {Abundance, Asymptotic Giant Branch Stars, Carbon, Globular Clusters, Peculiar Stars, Red Giant Stars, Titanium Oxides, Carbon Dioxide, Color-Magnitude Diagram, Iron, Stellar Models, Titanium},
	Month = feb,
	Pages = {127-131},
	Title = {{Star no. 1412 in M4, a post-AGB star with low carbon and enhanced TiO}},
	Volume = 107,
	Year = 1995,
	Bdsk-Url-1 = {https://doi.org/10.1086/133527}}

@inproceedings{parthasarathy00,
	Adsnote = {Provided by the SAO/NASA Astrophysics Data System},
	Adsurl = {http://adsabs.harvard.edu/abs/2000IAUS..177..225P},
	Author = {{Parthasarathy}, M.},
	Booktitle = {The Carbon Star Phenomenon},
	Date-Added = {2018-11-26 13:14:43 -0800},
	Date-Modified = {2018-11-26 13:14:43 -0800},
	Editor = {{Wing}, R.~F.},
	Month = jun,
	Pages = {225},
	Series = {IAU Symposium},
	Title = {{Chemical Composition and Evolution of Post-AGB Stars}},
	Volume = 177,
	Year = 2000}

@article{morris18,
	Author = {Brett M. Morris and Trevor Dorn-Wallenstein},
	Date-Added = {2018-11-26 13:14:43 -0800},
	Date-Modified = {2018-11-26 13:14:43 -0800},
	Doi = {10.21105/joss.00854},
	Journal = {Journal of Open Source Software},
	Month = {aug},
	Number = {28},
	Pages = {854},
	Publisher = {The Open Journal},
	Title = {aesop: {ARC} Echelle Spectroscopic Observation Pipeline},
	Url = {https://doi.org/10.21105/joss.00854},
	Volume = {3},
	Year = {2018},
	Bdsk-Url-1 = {https://doi.org/10.21105/joss.00854}}

@article{langer12,
	Adsnote = {Provided by the SAO/NASA Astrophysics Data System},
	Adsurl = {http://adsabs.harvard.edu/abs/2012ARA%26A..50..107L},
	Archiveprefix = {arXiv},
	Author = {{Langer}, N.},
	Date-Added = {2018-11-26 13:14:43 -0800},
	Date-Modified = {2018-11-26 13:14:43 -0800},
	Doi = {10.1146/annurev-astro-081811-125534},
	Eprint = {1206.5443},
	Journal = {\araa},
	Month = sep,
	Pages = {107-164},
	Primaryclass = {astro-ph.SR},
	Title = {{Presupernova Evolution of Massive Single and Binary Stars}},
	Volume = 50,
	Year = 2012,
	Bdsk-Url-1 = {https://doi.org/10.1146/annurev-astro-081811-125534}}

@article{malhan18,
	Adsnote = {Provided by the SAO/NASA Astrophysics Data System},
	Adsurl = {http://adsabs.harvard.edu/abs/2018MNRAS.481.3442M},
	Archiveprefix = {arXiv},
	Author = {{Malhan}, K. and {Ibata}, R.~A. and {Martin}, N.~F.},
	Date-Added = {2018-11-26 13:14:43 -0800},
	Date-Modified = {2018-11-26 13:14:43 -0800},
	Doi = {10.1093/mnras/sty2474},
	Eprint = {1804.11339},
	Journal = {\mnras},
	Keywords = {stars: kinematics and dynamics, Galaxy: halo, Galaxy: kinematics and dynamics, Galaxy: structure},
	Month = dec,
	Pages = {3442-3455},
	Title = {{Ghostly tributaries to the Milky Way: charting the halo's stellar streams with the Gaia DR2 catalogue}},
	Volume = 481,
	Year = 2018,
	Bdsk-Url-1 = {https://doi.org/10.1093/mnras/sty2474}}

@article{nun15,
	Adsnote = {Provided by the SAO/NASA Astrophysics Data System},
	Adsurl = {http://adsabs.harvard.edu/abs/2015arXiv150600010N},
	Archiveprefix = {arXiv},
	Author = {{Nun}, I. and {Protopapas}, P. and {Sim}, B. and {Zhu}, M. and {Dave}, R. and {Castro}, N. and {Pichara}, K.},
	Date-Added = {2018-11-26 13:14:43 -0800},
	Date-Modified = {2018-11-26 13:14:43 -0800},
	Eprint = {1506.00010},
	Journal = {ArXiv e-prints},
	Keywords = {Astrophysics - Instrumentation and Methods for Astrophysics},
	Month = may,
	Primaryclass = {astro-ph.IM},
	Title = {{FATS: Feature Analysis for Time Series}},
	Year = 2015}

@article{moe18,
	Adsnote = {Provided by the SAO/NASA Astrophysics Data System},
	Adsurl = {http://adsabs.harvard.edu/abs/2018arXiv180802116M},
	Archiveprefix = {arXiv},
	Author = {{Moe}, M. and {Kratter}, K.~M. and {Badenes}, C.},
	Date-Added = {2018-11-26 13:14:43 -0800},
	Date-Modified = {2018-11-26 13:14:43 -0800},
	Eprint = {1808.02116},
	Journal = {ArXiv e-prints},
	Keywords = {Astrophysics - Solar and Stellar Astrophysics, Astrophysics - Astrophysics of Galaxies},
	Month = aug,
	Primaryclass = {astro-ph.SR},
	Title = {{The Close Binary Fraction of Solar-type Stars is Strongly Anti-correlated with Metallicity}},
	Year = 2018}

@article{dornwallenstein18,
	Adsnote = {Provided by the SAO/NASA Astrophysics Data System},
	Adsurl = {http://adsabs.harvard.edu/abs/2018arXiv181001902D},
	Archiveprefix = {arXiv},
	Author = {{Dorn-Wallenstein}, T.~Z. and {Levesque}, E.~M.},
	Date-Added = {2018-11-26 13:14:43 -0800},
	Date-Modified = {2018-11-26 13:14:43 -0800},
	Eprint = {1810.01902},
	Journal = {ArXiv e-prints},
	Keywords = {Astrophysics - Solar and Stellar Astrophysics, Astrophysics - Astrophysics of Galaxies},
	Month = oct,
	Primaryclass = {astro-ph.SR},
	Title = {{Stellar Population Diagnostics of the Massive Star Binary Fraction}},
	Year = 2018}

@article{taam78,
	Adsnote = {Provided by the SAO/NASA Astrophysics Data System},
	Adsurl = {http://adsabs.harvard.edu/abs/1978ApJ...222..269T},
	Author = {{Taam}, R.~E. and {Bodenheimer}, P. and {Ostriker}, J.~P.},
	Date-Added = {2018-11-26 13:14:43 -0800},
	Date-Modified = {2018-11-26 13:14:43 -0800},
	Doi = {10.1086/156142},
	Journal = {\apj},
	Keywords = {Companion Stars, Neutron Stars, Stellar Evolution, Supergiant Stars, X Ray Stars, Angular Momentum, Energy Dissipation, Momentum Transfer, Stellar Envelopes, Stellar Mass Ejection, Stellar Structure},
	Month = may,
	Pages = {269-280},
	Title = {{Double core evolution. I - A 16 solar mass star with a 1 solar mass neutron-star companion}},
	Volume = 222,
	Year = 1978,
	Bdsk-Url-1 = {https://doi.org/10.1086/156142}}

@article{wallace81,
	Adsnote = {Provided by the SAO/NASA Astrophysics Data System},
	Adsurl = {http://adsabs.harvard.edu/abs/1981ApJS...45..389W},
	Author = {{Wallace}, R.~K. and {Woosley}, S.~E.},
	Date-Added = {2018-11-26 13:14:43 -0800},
	Date-Modified = {2018-11-26 13:14:43 -0800},
	Doi = {10.1086/190717},
	Journal = {\apjs},
	Keywords = {Abundance, Astrophysics, Hydrogen, Metallic Stars, Nuclear Fusion, Reaction Kinetics, Stellar Evolution, Gamma Rays, High Temperature, Isotopes, Neutron Stars, Novae, Resonance, Supermassive Stars, X Ray Sources},
	Month = feb,
	Pages = {389-420},
	Title = {{Explosive hydrogen burning}},
	Volume = 45,
	Year = 1981,
	Bdsk-Url-1 = {https://doi.org/10.1086/190717}}

@article{cannon93,
	Adsnote = {Provided by the SAO/NASA Astrophysics Data System},
	Adsurl = {http://adsabs.harvard.edu/abs/1993MNRAS.263..817C},
	Author = {{Cannon}, R.~C.},
	Date-Added = {2018-11-26 13:14:43 -0800},
	Date-Modified = {2018-11-26 13:14:43 -0800},
	Doi = {10.1093/mnras/263.4.817},
	Journal = {\mnras},
	Keywords = {convection - nuclear reactions, nucleosynthesis, abundances - methods: numerical - stars: giant - stars: neutron},
	Month = aug,
	Pages = {817},
	Title = {{Massive Thorne-{\.Z}ytkow Objects - Structure and Nucleosynthesis}},
	Volume = 263,
	Year = 1993,
	Bdsk-Url-1 = {https://doi.org/10.1093/mnras/263.4.817}}

@article{podsiadlowski95,
	Adsnote = {Provided by the SAO/NASA Astrophysics Data System},
	Adsurl = {http://adsabs.harvard.edu/abs/1995MNRAS.274..485P},
	Author = {{Podsiadlowski}, P. and {Cannon}, R.~C. and {Rees}, M.~J.},
	Date-Added = {2018-11-26 13:14:43 -0800},
	Date-Modified = {2018-11-26 13:14:43 -0800},
	Doi = {10.1093/mnras/274.2.485},
	Journal = {\mnras},
	Keywords = {ACCRETION, ACCRETION DISCS, NUCLEAR REACTIONS, NUCLEOSYNTHESIS, ABUNDANCES, BINARIES: CLOSE, STARS: NEUTRON, SUPERNOVAE: GENERAL, X-RAYS: STARS},
	Month = may,
	Pages = {485-490},
	Title = {{The evolution and final fate of massive Thorne-Zytkow objects}},
	Volume = 274,
	Year = 1995,
	Bdsk-Url-1 = {https://doi.org/10.1093/mnras/274.2.485}}

@article{vernet11,
	Adsnote = {Provided by the SAO/NASA Astrophysics Data System},
	Adsurl = {http://adsabs.harvard.edu/abs/2011A%26A...536A.105V},
	Archiveprefix = {arXiv},
	Author = {{Vernet}, J. and {Dekker}, H. and {D'Odorico}, S. and {Kaper}, L. and {Kjaergaard}, P. and {Hammer}, F. and {Randich}, S. and {Zerbi}, F. and {Groot}, P.~J. and {Hjorth}, J. and {Guinouard}, I. and {Navarro}, R. and {Adolfse}, T. and {Albers}, P.~W. and {Amans}, J.-P. and {Andersen}, J.~J. and {Andersen}, M.~I. and {Binetruy}, P. and {Bristow}, P. and {Castillo}, R. and {Chemla}, F. and {Christensen}, L. and {Conconi}, P. and {Conzelmann}, R. and {Dam}, J. and {de Caprio}, V. and {de Ugarte Postigo}, A. and {Delabre}, B. and {di Marcantonio}, P. and {Downing}, M. and {Elswijk}, E. and {Finger}, G. and {Fischer}, G. and {Flores}, H. and {Fran{\c c}ois}, P. and {Goldoni}, P. and {Guglielmi}, L. and {Haigron}, R. and {Hanenburg}, H. and {Hendriks}, I. and {Horrobin}, M. and {Horville}, D. and {Jessen}, N.~C. and {Kerber}, F. and {Kern}, L. and {Kiekebusch}, M. and {Kleszcz}, P. and {Klougart}, J. and {Kragt}, J. and {Larsen}, H.~H. and {Lizon}, J.-L. and {Lucuix}, C. and {Mainieri}, V. and {Manuputy}, R. and {Martayan}, C. and {Mason}, E. and {Mazzoleni}, R. and {Michaelsen}, N. and {Modigliani}, A. and {Moehler}, S. and {M{\o}ller}, P. and {Norup S{\o}rensen}, A. and {N{\o}rregaard}, P. and {P{\'e}roux}, C. and {Patat}, F. and {Pena}, E. and {Pragt}, J. and {Reinero}, C. and {Rigal}, F. and {Riva}, M. and {Roelfsema}, R. and {Royer}, F. and {Sacco}, G. and {Santin}, P. and {Schoenmaker}, T. and {Spano}, P. and {Sweers}, E. and {Ter Horst}, R. and {Tintori}, M. and {Tromp}, N. and {van Dael}, P. and {van der Vliet}, H. and {Venema}, L. and {Vidali}, M. and {Vinther}, J. and {Vola}, P. and {Winters}, R. and {Wistisen}, D. and {Wulterkens}, G. and {Zacchei}, A.},
	Date-Added = {2018-11-26 13:14:43 -0800},
	Date-Modified = {2018-11-26 13:14:43 -0800},
	Doi = {10.1051/0004-6361/201117752},
	Eid = {A105},
	Eprint = {1110.1944},
	Journal = {\aap},
	Keywords = {instrumentation: spectrographs},
	Month = dec,
	Pages = {A105},
	Primaryclass = {astro-ph.IM},
	Title = {{X-shooter, the new wide band intermediate resolution spectrograph at the ESO Very Large Telescope}},
	Volume = 536,
	Year = 2011,
	Bdsk-Url-1 = {https://doi.org/10.1051/0004-6361/201117752}}

@article{angus18,
	Adsnote = {Provided by the SAO/NASA Astrophysics Data System},
	Adsurl = {http://adsabs.harvard.edu/abs/2018MNRAS.474.2094A},
	Archiveprefix = {arXiv},
	Author = {{Angus}, R. and {Morton}, T. and {Aigrain}, S. and {Foreman-Mackey}, D. and {Rajpaul}, V.},
	Date-Added = {2018-11-26 13:14:43 -0800},
	Date-Modified = {2018-11-26 13:14:43 -0800},
	Doi = {10.1093/mnras/stx2109},
	Eprint = {1706.05459},
	Journal = {\mnras},
	Keywords = {methods: data analysis, methods: statistical, techniques: photometric, stars: rotation, stars: solar-type, starspots},
	Month = feb,
	Pages = {2094-2108},
	Primaryclass = {astro-ph.SR},
	Title = {{Inferring probabilistic stellar rotation periods using Gaussian processes}},
	Volume = 474,
	Year = 2018,
	Bdsk-Url-1 = {https://doi.org/10.1093/mnras/stx2109}}
